1807 3200
865 270 889 314 7

173 391 302 435 laude
333 401 419 433 non
450 385 737 436 detraxerim
782 397 920 440 neque
965 387 1112 429 tamen
1151 384 1490 440 obliviscendum
1535 388 1604 430 est

173 471 388 518 secundas
438 482 536 514 eum
601 468 793 524 legatum
837 468 1021 523 legionis
1071 471 1222 523 partes
1270 469 1411 525 egisse
1471 472 1603 524 atque

174 566 323 598 omnes
353 564 425 596 res
454 550 565 594 bene
597 549 660 613 ab·
684 563 735 594 eo
766 553 917 605 gestas
948 550 1167 594 consulari
1193 550 1339 605 potius
1369 563 1498 605 quam
1517 550 1602 604 ipsi

172 635 356 693 gloriam
386 634 603 679 attulisse.
666 634 814 689 Longe
845 633 984 688 pluris
1016 634 1333 678 aestimandum
1365 636 1454 687 est,
1486 633 1601 688 quod

172 718 329 764 deinde
376 731 402 761 a
445 717 597 761 Tacito
638 716 918 772 praedicatur
949 716 1195 772 Agricolam
1225 716 1461 772 Aquitania
1499 729 1599 771 pro-

170 803 311 847 vincia
339 800 606 845 moderanda
638 813 849 844 summam
880 799 964 844 sibi
995 799 1168 843 laudem
1204 800 1441 854 peperisse.
1516 800 1599 844 Ta-

169 896 266 927 men
298 896 427 939 quam
456 883 630 938 plurimi
662 895 834 938 semper
865 895 892 926 a
921 882 1126 926 Romanis
1157 882 1330 926 ductam
1371 894 1469 926 esse
1500 894 1600 926 con-

168 970 260 1011 stat
300 967 472 1011 laudem
518 965 620 1009 boni
649 966 802 1009 militis
833 966 876 1008 in
906 966 983 1009 illa
1014 964 1096 1009 sibi
1133 966 1356 1020 provincia
1399 978 1484 1008 non
1521 979 1597 1020 pa-

168 1050 305 1095 ravit:
348 1062 448 1094 nam
481 1049 716 1094 exercitum
757 1049 845 1093 illis
875 1048 1146 1104 temporibus
1176 1049 1220 1092 in
1251 1048 1484 1104 Aquitania
1514 1061 1597 1093 non

167 1136 357 1179 locatum
388 1134 522 1178 fuisse
555 1147 607 1178 ex
648 1134 863 1189 legionum
904 1132 1068 1177 tabulis
1107 1134 1427 1189 cognoscimus,
1459 1146 1598 1189 neque

170 1219 407 1274 quidquam
437 1218 667 1273 Agricolae
698 1218 782 1261 nisi
813 1218 1232 1262 administrationem
1253 1219 1500 1273 provinciae
1532 1218 1596 1261 in-

166 1302 360 1347 iunctum
391 1300 527 1345 fuisse
557 1301 665 1356 ipsis
697 1300 836 1346 Taciti
866 1299 1011 1345 verbis
1043 1301 1163 1358 (Agr.
1197 1314 1231 1346 c.
1258 1301 1317 1358 9.)
1350 1301 1594 1357 edocemur,

168 1383 289 1427 cuius
321 1381 451 1426 officii
484 1386 634 1437 partes
661 1384 792 1427 etiam
820 1382 875 1426 ab
908 1383 1152 1427 hominibus
1181 1383 1492 1437 mediocribus,
1519 1385 1594 1439 qui

166 1464 341 1521 quidem
385 1468 531 1509 aetate
588 1468 634 1509 et
675 1478 757 1510 usu
797 1465 913 1510 docti
952 1469 1101 1510 essent
1117 1500 1127 1520 ,
1180 1466 1344 1521 expleri
1397 1466 1593 1521 potuisse

164 1549 420 1603 putaverim.

252 1632 303 1676 In
333 1645 385 1676 ea
414 1632 568 1688 igitur,
602 1645 730 1688 quam
758 1632 886 1677 modo
917 1632 1291 1688 perlustravimus,
1320 1633 1436 1678 vitae
1466 1637 1593 1689 parte

163 1729 383 1772 perpauca
432 1720 559 1760 erant
614 1716 745 1772 digna
759 1750 770 1770 ,
834 1729 944 1771 quae
997 1716 1200 1761 laudibus
1250 1717 1593 1763 celebrarentur.

163 1799 301 1853 Quam
331 1813 433 1843 vero
466 1813 489 1843 e
522 1800 751 1844 Britannia
780 1800 917 1844 redux
944 1812 1081 1855 usque
1113 1801 1169 1845 ad
1207 1804 1392 1845 mortem
1428 1802 1591 1847 Romae

161 1882 295 1926 vitam
342 1882 500 1935 traxit,
554 1894 650 1925 eam
688 1882 1014 1926 miserationem
1054 1883 1199 1937 potius
1242 1895 1416 1927 movere
1461 1896 1589 1938 quam

160 1965 490 2010 admirationem
522 1966 618 2021 quis
648 1969 718 2009 est
748 1966 851 2021 quin
882 1965 1122 2010 concedat?

248 2048 457 2092 Videmus
495 2048 629 2103 igitur
668 2048 712 2091 in
756 2048 1030 2093 illustrandis
1070 2048 1217 2103 priore
1261 2051 1306 2092 et
1345 2048 1588 2103 posteriore

149 2131 275 2175 vvitae
304 2129 503 2186 partibus
534 2130 686 2175 Tacito
716 2143 790 2175 res
815 2129 925 2175 bene
951 2134 1112 2187 gestas,
1144 2129 1301 2186 quibus
1331 2131 1588 2176 enarrandis

159 2227 315 2259 nomen
346 2214 487 2259 soceri
517 2214 762 2259 illustraret
792 2218 838 2258 et
868 2214 1133 2268 celebraret,
1165 2226 1303 2269 paene
1334 2213 1538 2259 defuisse.

247 2296 385 2348 Quam
413 2308 516 2340 vero
546 2296 767 2349 virtutem,
798 2300 849 2340 ut
878 2309 958 2351 per
987 2300 1126 2340 totam
1156 2296 1313 2349 vitam,
1345 2296 1410 2340 ita
1436 2297 1481 2339 in
1507 2297 1583 2349 eis,

157 2380 212 2423 de
257 2378 413 2435 quibus
459 2379 627 2435 agimus
675 2379 877 2435 partibus
919 2379 1193 2424 illustrandis
1248 2380 1406 2424 iterum
1453 2383 1585 2435 atque

156 2462 331 2517 saepius
362 2461 591 2517 praedicat
621 2462 800 2506 Tacitus
831 2465 970 2517 atque·
994 2462 1119 2517 quasi
1151 2462 1367 2506 cumulum
1397 2461 1585 2506 omnium

156 2543 334 2588 summis
364 2543 567 2589 laudibus
598 2543 744 2598 effert,
792 2544 1046 2601 obsequium
1083 2558 1134 2589 ac
1163 2544 1441 2597 modestiam,
1488 2557 1584 2588 eam

155 2622 210 2668 ab
235 2624 490 2680 aequalibus
519 2625 637 2669 haud
666 2625 731 2670 ita
759 2627 910 2682 paucis
940 2629 1232 2682 contemptam
1264 2628 1309 2669 et
1338 2637 1418 2680 pro
1449 2624 1583 2668 nihilo

153 2706 327 2752 ductam
357 2711 490 2763 atque
520 2708 630 2752 adeo
660 2708 766 2752 vitio
798 2710 839 2753 ei
869 2710 1016 2754 datam
1048 2722 1144 2754 esse
1186 2707 1311 2752 multi
1351 2707 1433 2751 viri
1466 2707 1583 2751 docti

139 2800 231 2832 suo
261 2790 356 2834 iure
388 2794 719 2837 annotaverunt.
