1807 3200
296 1094 405 1139 Eam
438 1092 576 1145 libelli
606 1093 774 1138 Tacitei
794 1093 858 1141 „de
891 1093 1007 1137 Julio
1043 1091 1248 1148 Agricola
1280 1096 1475 1148 partem,
1522 1106 1633 1150 quae

207 1190 279 1222 res
308 1178 353 1221 in
381 1177 609 1221 Britannia
639 1180 787 1232 gestas
819 1176 1033 1229 continet,
1064 1188 1326 1231 magnopere
1357 1180 1403 1220 et
1431 1189 1458 1221 a
1487 1177 1633 1232 priore

206 1265 253 1306 et
283 1275 309 1305 a
338 1261 472 1305 tertia
512 1259 686 1304 differre
727 1260 923 1315 plerique
953 1260 1217 1314 interpretes
1256 1263 1302 1303 et
1332 1260 1525 1305 editores
1555 1274 1633 1305 suo

205 1343 299 1387 iure
330 1345 657 1386 annotaverunt.
702 1342 830 1389 ,Nam
862 1355 958 1385 cum
986 1345 1083 1385 tota
1111 1342 1202 1386 vita
1232 1342 1507 1388 contineatur
1527 1357 1632 1399 qua-

206 1425 408 1485 draginta
440 1437 516 1469 sex
561 1422 799 1478 capitibus,
840 1423 1069 1478 imperium
1099 1423 1398 1469 Britannicum
1442 1426 1633 1480 spatium

205 1520 292 1551 non
323 1508 420 1562 plus
462 1510 630 1562 septem
670 1518 880 1550 annorum
923 1506 1292 1560 comprehendens
1336 1507 1636 1563 undetriginta

206 1590 422 1645 capitibus
464 1590 731 1633 illustratum
777 1592 858 1632 est.
932 1589 1102 1632 Deinde
1144 1602 1246 1633 vero
1286 1590 1425 1634 multa
1466 1590 1511 1633 in
1550 1590 1633 1634 hac
1691 1583 1693 1585 ’

204 1672 342 1717 libelli
372 1676 497 1727 parte
528 1672 676 1715 insunt
692 1705 702 1724 ,
749 1684 859 1726 quae
891 1675 967 1715 aut
1006 1671 1062 1715 ad
1092 1672 1228 1716 vitam
1258 1673 1486 1728 Agricolae
1517 1685 1633 1717 com-

202 1755 446 1810 ponendam
496 1767 650 1809 parum
694 1754 915 1808 pertinere
960 1756 1037 1797 aut
1081 1753 1254 1798 dicendi
1291 1768 1427 1811 genus
1478 1769 1505 1800 a
1542 1755 1634 1799 vita

206 1837 451 1882 enarranda
468 1838 656 1881 alienum
674 1849 780 1892 prae
803 1849 850 1880 se
869 1835 985 1880 ferre
1004 1837 1247 1882 videantur.
1294 1838 1631 1883 Accuratissime

202 1908 256 1966 de
288 1934 341 1965 ea
370 1934 419 1965 re
450 1921 541 1976 egit
570 1921 796 1964 Andresen
833 1920 879 1963 in
910 1920 1241 1975 dissertatione,
1288 1934 1399 1977 quae
1430 1921 1632 1966 inscribi-

199 2007 292 2048 tur:
325 2003 421 2047 ‘Die
439 2002 716 2059 Entstehung
743 2003 833 2047 und
853 2002 1055 2047 Tendenz
1087 2003 1165 2047 des
1182 2003 1485 2049 Taciteischen
1507 2005 1631 2062 Agri-

200 2086 321 2132 cola.’
390 2085 791 2142 (Separatabdruck
820 2098 899 2130 aus
930 2085 1009 2130 der
1039 2086 1303 2131 Festschrift
1342 2101 1421 2132 zur
1467 2088 1631 2134 dritten

200 2170 492 2215 Sacularfeier
534 2170 611 2214 des
641 2169 941 2214 Berlinischen
984 2169 1287 2226 Gymnasiums
1328 2185 1427 2216 zum
1463 2186 1628 2228 grauen

198 2254 390 2298 Kloster.
450 2253 621 2306 Berlin,
652 2252 924 2296 Weidmann.
958 2255 998 2295 8.
1045 2254 1101 2295 24
1136 2252 1198 2308 S.)
1272 2253 1317 2297 Is
1347 2266 1626 2309 quaecunque

197 2338 375 2391 praeter
403 2334 716 2391 longitudinem
746 2334 790 2377 in
819 2333 964 2378 media
984 2334 1214 2389 Agricolae
1237 2338 1365 2389 parte
1390 2335 1625 2390 offendant,

195 2417 261 2462 ita
292 2420 545 2472 comparata
575 2416 672 2461 esse
688 2450 698 2470 ,
728 2419 779 2460 ut
810 2415 867 2459 ad
896 2416 1124 2460 historiam
1155 2417 1301 2471 potius
1332 2430 1460 2472 quam
1491 2418 1626 2462 vitam

196 2497 469 2543 scribendam
497 2499 720 2553 pertinere
743 2498 987 2552 videantur,
1017 2498 1261 2542 rectissime
1291 2499 1513 2544 disseruit.
1562 2501 1625 2545 Ac

194 2582 426 2638 praecipue
470 2582 602 2626 hosce
642 2582 765 2626 'locos
806 2581 1047 2625 orationem
1087 2585 1217 2638 atque
1259 2583 1448 2628 colorem
1478 2597 1625 2629 rerum

194 2665 335 2720 magis
377 2677 504 2720 quam
547 2647 664 2709 ⁴vitae
720 2664 948 2718 scriptoris
993 2666 1216 2719 proprium
1257 2679 1362 2721 prae
1409 2680 1457 2712 se
1509 2668 1624 2713 ferre

195 2748 396 2804 exposuit
404 2762 413 2791 :

1171 2824 1190 2863 1
1211 2820 1234 2845 *
