1807 3200
863 267 916 309 18

174 386 321 429 stituti
363 389 507 438 erant,
555 388 601 427 et
640 395 787 427 rerum
828 387 1051 438 gestarum
1087 383 1313 426 enarratio
1353 395 1450 426 cum
1487 383 1605 426 vitae

175 469 471 512 illustratione
501 466 619 512 haud
648 478 750 511 raro
782 464 1126 519 coniungebatur
1139 464 1187 521 ¹).

269 552 450 608 Singula
481 564 534 596 ea
565 551 709 596 omnia
722 585 733 605 ,
766 562 877 606 quae
908 562 935 594 a
965 550 1083 595 iusta
1110 562 1299 607 veraque
1328 550 1421 595 vita
1450 548 1607 595 abhor-

172 648 271 679 rere
308 635 558 687 videantur,
603 634 782 689 exsequi
813 646 886 686 ac,
929 646 1015 688 qua
1044 633 1216 677 ratione
1247 634 1292 677 in
1321 632 1516 677 libellum
1546 633 1605 677 ir-

170 718 363 773 repsisse
393 717 647 770 videantur,
680 729 896 772 exponere
927 716 1101 772 longum
1131 721 1213 761 est.
1275 718 1458 762 Accedit
1487 716 1603 773 quod

173 802 217 844 in
261 800 415 845 eadem
457 812 506 843 re
548 799 792 854 complures
831 799 1085 855 plerumque
1127 800 1321 845 rationes
1360 799 1604 855 explicandi

171 883 344 927 institui
372 888 569 938 possunt,
601 894 785 937 quarum
814 894 925 937 quae
956 882 1016 925 sit
1044 882 1229 926 maxime
1249 881 1488 938 probanda,
1520 882 1603 927 dif-

173 963 412 1008 ficillimum
442 967 513 1008 est
543 963 599 1007 ad
631 962 967 1007 diiudicandum.

261 1047 407 1091 Pauca
450 1050 598 1090 tamen
634 1058 688 1089 ex
726 1044 809 1098 eis,
852 1045 897 1088 in
933 1044 1090 1100 quibus
1121 1045 1437 1092 Andresenium
1468 1046 1600 1091 offen-

175 1131 292 1174 disse
324 1143 456 1185 supra
486 1129 818 1173 memoravimus
831 1162 841 1181 ‚
884 1129 1131 1173 accuratius
1161 1133 1354 1174 tractare
1386 1131 1528 1175 liceat.

262 1213 495 1257 Ordiamur
526 1211 581 1256 ab
613 1224 794 1255 excessu
832 1211 927 1263 illo,
972 1224 1100 1266 quem
1146 1213 1413 1257 enarrationi
1455 1225 1602 1257 rerum

174 1295 229 1340 ab
260 1296 464 1351 Agricola
493 1295 537 1339 in
567 1294 796 1339 Britannia
825 1298 1048 1350 gestarum
1089 1295 1143 1339 de
1174 1295 1317 1340 insula
1347 1299 1478 1352 atque
1509 1296 1603 1341 eius

171 1380 326 1424 incolis
357 1380 535 1423 Tacitus
566 1378 804 1433 praemisit.

263 1462 375 1506 Eum
420 1475 447 1506 a
489 1462 581 1505 vita
626 1460 872 1505 enarranda
913 1472 1093 1515 prorsus
1139 1461 1328 1506 alienum
1373 1474 1458 1505 non
1503 1474 1601 1507 esse

175 1545 303 1589 facile
334 1548 404 1588 est
433 1545 489 1588 ad
520 1544 873 1599 intellegendum.

260 1628 372 1672 Nam
405 1640 500 1671 cum
531 1626 576 1671 id
606 1640 735 1682 quam
766 1626 1085 1671 studiosissime
1127 1630 1279 1682 ageret
1313 1627 1511 1682 Tacitus,
1553 1632 1603 1673 ut

174 1715 252 1766 eis,
283 1714 356 1769 qui
385 1714 519 1757 vitam
550 1713 759 1768 legerent,
789 1713 1020 1756 maximam
1048 1711 1132 1756 sibi
1155 1713 1398 1768 Agricolam
1428 1714 1473 1757 in
1504 1714 1601 1759 Bri·

176 1797 325 1840 tannia
356 1795 530 1839 laudem
561 1797 786 1850 peperisse
816 1809 866 1840 ac
899 1796 1194 1851 dignissimam
1230 1801 1473 1840 memoratu
1502 1809 1601 1851 per-

173 1880 395 1932 suaderet,
427 1880 573 1924 facere
602 1891 688 1923 non
718 1880 882 1935 potuit,
924 1879 1043 1935 quin·
1065 1879 1250 1935 primum
1291 1892 1387 1923 eam
1422 1883 1600 1934 terram,

175 1963 220 2004 in
250 1974 335 2016 qua
365 1962 475 2005 istas
506 1973 579 2004 res
608 1961 832 2016 gessisset,
865 1960 1137 2005 describeret
1166 1966 1297 2017 atque
1319 1974 1467 2006 earum
1498 1974 1602 2018 gen-

174 2045 297 2098 tium,
340 2057 448 2100 quas
489 2042 604 2088 bello
635 2043 813 2087 vicisset
843 2047 890 2087 et
926 2043 972 2086 in
1011 2043 1219 2088 ditionem
1248 2047 1600 2100 potestatemque

172 2129 322 2184 populi
352 2127 535 2172 Romani
565 2127 832 2183 redegisset,
864 2127 1055 2171 indolem
1085 2139 1136 2171 ac
1166 2139 1310 2172 mores
1340 2127 1599 2181 illustraret,

173 2211 435 2267 praesertim
485 2223 580 2255 cum
628 2210 739 2255 istas
792 2210 993 2266 regiones
1043 2214 1281 2266 gentesque
1333 2209 1602 2255 multitudini

171 2304 327 2348 parum
362 2295 490 2336 notas
527 2304 624 2336 esse
662 2304 747 2335 non
777 2292 985 2336 nesciret:
1026 2292 1148 2337 nulla
1187 2292 1275 2337 alia
1315 2292 1485 2337 ratione
1529 2304 1600 2337 as·

171 2376 296 2430 sequi
326 2387 425 2418 eum
455 2374 650 2428 potuisse
680 2375 932 2428 statuerim,
964 2378 1015 2418 ut
1044 2374 1311 2430 legentibus,
1343 2376 1495 2430 quanti
1526 2388 1600 2419 ae-

171 2457 416 2503 stimandae
447 2460 597 2501 essent
625 2457 727 2501 illae
757 2470 830 2502 res
859 2461 1023 2513 gestae,
1054 2459 1330 2513 perspicuum
1361 2457 1539 2502 faceret.

259 2540 545 2585 Offenderunt
573 2540 838 2595 interpretes
868 2541 913 2583 in
946 2554 1020 2595 eo,
1065 2541 1181 2596 quod
1213 2542 1257 2584 in
1286 2542 1375 2586 ista
1405 2541 1598 2597 descrip-

169 2624 288 2667 tione
320 2622 498 2667 Tacitus
530 2625 621 2665 tam
650 2622 804 2678 longus
834 2621 980 2668 fuerit.

271 2728 305 2775 1)
330 2728 495 2773 Urlichs,
522 2727 802 2766 Commentatio
828 2727 875 2765 de
901 2728 984 2766 vita
1011 2729 1051 2766 et
1075 2728 1283 2768 honoribus
1309 2728 1446 2767 Taciti.
1497 2728 1599 2767 wir-

169 2789 328 2836 ceburgi
356 2789 459 2825 1879.
485 2801 521 2835 p.
543 2789 600 2825 20.
