1807 3200
884 292 934 332 21

162 453 164 455 .
199 411 326 459 tibus
341 421 488 468 grave,
518 409 756 452 nocturnus
778 405 885 451 solis
909 404 1065 462 fulgor,
1096 404 1264 451 feroces
1279 408 1325 451 et
1345 406 1622 463 incorruptae

198 500 364 553 gentes,
396 505 508 537 nova
538 503 591 535 ea
621 490 766 535 omnia
796 493 844 534 et
872 490 982 535 mira
1010 490 1216 534 Romanis
1247 494 1373 535 erant
1402 494 1448 535 et
1477 491 1620 536 delec-

199 577 378 625 tationis
407 575 551 631 plena.

288 660 352 704 Ac
383 656 578 715 quamvis
623 655 750 700 multi
776 655 845 700 >de
882 654 1111 700 Britannia
1152 655 1294 700 insula
1338 658 1384 700 et
1423 654 1625 712 gentibus

198 755 294 787 eam
324 737 613 785 incolentibus
644 737 967 793 exposuissent,
990 738 992 740 ’
1013 738 1140 793 longe
1170 737 1368 792 superari
1398 750 1452 782 ea
1480 737 1623 781 omnia

192 827 283 872 isto
313 822 454 868 Taciti
485 833 666 866 excessu
691 819 927 865 constabat
956 820 1175 864 Romanis.

286 906 406 959 Quae
444 918 471 950 a
515 902 735 960 prioribus
775 916 921 948 rerum
964 902 1252 959 scriptoribus
1291 902 1345 948 de
1384 902 1448 948 eis
1489 901 1620 948 rebus

197 994 403 1037 enarrata
437 993 587 1043 erant,
633 1001 698 1033 ea>
724 1000 877 1044 parum
916 986 1019 1033 fidei
1057 987 1417 1044 auctoritatisque
1458 985 1620 1033 habere

194 1086 321 1118 nemo
351 1074 470 1126 erat,
510 1071 584 1127 qui
615 1070 816 1116 nesciret.

283 1155 406 1200 Unus
438 1153 602 1197 Caesar
638 1152 824 1197 insulam
866 1164 1011 1197 coram
1052 1152 1223 1197 viderat
1261 1165 1312 1197 ac
1326 1186 1337 1207 ,
1382 1164 1493 1208 quae
1524 1152 1619 1208 ipse

195 1237 333 1283 oculis
363 1238 585 1292 comperta
604 1233 808 1289 habebat,
842 1238 1135 1280 enarraverat.
1197 1233 1284 1279 Sed
1307 1234 1344 1279 is
1365 1234 1504 1279 solam
1522 1246 1617 1279 eam

193 1317 361 1363 insulae
391 1320 562 1373 partem
593 1317 788 1371 adierat,
822 1330 932 1373 quae
963 1317 1019 1361 ad
1048 1316 1274 1360 meridiem
1305 1319 1489 1371 spectat.
1549 1315 1616 1359 De

192 1397 473 1445 interioribus
503 1402 549 1443 et
579 1398 992 1454 septentrionalibus
1031 1399 1199 1444 insulae
1237 1388 1437 1454 partibus
1467 1409 1617 1442 omnes

193 1486 270 1527 aut
298 1482 461 1526 nullam
492 1485 570 1526 aut
598 1481 934 1526 incertissimam
964 1482 1165 1527 notitiam
1193 1480 1451 1526 habuerant.
1496 1479 1615 1533 Quae

192 1565 246 1609 de
289 1565 388 1610 istis
427 1563 675 1621 regionibus
713 1565 977 1619 retulerant,
1024 1565 1116 1610 fere
1160 1565 1281 1610 nulla
1323 1568 1421 1609 erat
1460 1564 1506 1608 in
1547 1564 1615 1610 eis

190 1647 452 1693 auctoritas:
482 1647 671 1691 nondum
702 1638 937 1704 comperta,
968 1652 1018 1693 ut
1035 1648 1176 1693 Taciti
1205 1646 1350 1693 verbis
1379 1650 1493 1702 utar,
1524 1646 1613 1692 elo-

189 1729 368 1785 quentia
396 1729 713 1785 percoluerant.·

277 1810 370 1856 Nec
412 1809 542 1856 fidem
586 1810 834 1858 adiunxisse
879 1826 953 1867 e0,
994 1825 1077 1869 quo
1123 1811 1298 1858 libellus
1342 1811 1487 1857 editus
1529 1814 1611 1866 est,

189 1898 386 1951 tempore
417 1896 634 1940 Romanos
664 1895 764 1941 istis
795 1896 1161 1953 descriptionibus
1191 1896 1320 1941 facile
1361 1895 1610 1941 conieceris.

188 1978 301 2024 Nam
331 1992 492 2034 eorum,
526 1979 599 2035 qui
619 1979 891 2025 Britanniam
921 1981 1107 2027 insulam
1139 1984 1406 2026 mercatores
1434 1980 1503 2025 vel
1532 1979 1611 2024 mi-

187 2063 289 2109 lites
318 2064 387 2109 vel
416 2063 700 2120 magistratus
730 2069 1045 2122 pernoverant,
1091 2065 1296 2122 permulti
1326 2065 1415 2110 illis
1444 2068 1610 2121 tempo-

185 2145 308 2192 ribus
337 2147 500 2190 Romae
530 2150 678 2201 erant,
722 2160 903 2203 quorum
941 2147 1265 2194 narrationibus
1295 2147 1390 2193 fieri
1419 2159 1504 2191 non
1532 2158 1608 2201 po·

185 2227 284 2282 tuit,
316 2228 417 2284 quin
447 2228 709 2284 scriptorum
738 2229 975 2284 relationes
1005 2235 1273 2288 quantopere
1303 2243 1330 2276 a
1358 2242 1502 2275 rerum
1523 2227 1607 2273 fide

185 2305 469 2356 abhorrerent
483 2346 493 2366 ‚
526 2312 836 2370 divulgaretur.

272 2394 390 2440 Vera
419 2398 566 2440 tamen
607 2399 653 2440 et
682 2394 796 2442 falsa
825 2396 939 2442 inter
969 2411 1016 2443 se
1048 2397 1295 2443 discernere
1327 2399 1457 2452 atque
1487 2395 1604 2439 insu-

184 2476 253 2520 lae
295 2480 341 2521 et
381 2477 619 2522 incolarum
658 2477 889 2535 imaginem
933 2486 1098 2526 certam
1136 2484 1182 2526 et
1211 2491 1459 2536 expressam
1489 2477 1604 2534 cogi-

183 2559 349 2603 tatione
379 2557 541 2616 fingere
570 2561 778 2616 perpauci
807 2562 1011 2608 videntur
1038 2564 1247 2621 potuisse.

270 2642 381 2688 Nam
413 2656 466 2688 ex
496 2643 573 2699 eis,
604 2645 678 2701 qui
697 2645 751 2690 -in
781 2645 1011 2695 Britannia
1039 2647 1236 2701 fuerant,
1268 2648 1340 2691 sat
1369 2644 1495 2690 multi
1523 2644 1603 2689 mi-

182 2739 331 2771 norem
370 2727 539 2772 insulae
576 2732 748 2784 partem
787 2733 833 2775 et
871 2744 1001 2776 unam
1042 2733 1131 2778 sive
1171 2742 1413 2787 perpaucas
1450 2732 1603 2785 gentes

181 2810 404 2854 noverant.
465 2810 713 2856 Accedebat
741 2813 857 2869 quod
887 2815 1094 2871 plerique,
1127 2819 1176 2859 ut
1205 2813 1472 2870 voluptatem
1503 2825 1602 2857 nar-
