1807 3200
860 294 936 337 ·25

182 401 341 457 ‘tamen
362 413 364 415 ’
371 405 511 466 prima
536 410 762 455 occasione
789 408 938 455 oblata
957 410 1276 456 odiosissimum
1296 411 1519 464 servitutis
1550 410 1615 455 iu-

193 508 293 551 gum
326 506 354 538 a
382 492 622 538 cervicibus
653 494 743 538 suis
774 494 944 539 deicere
976 498 1247 540 conarentur.

283 576 467 620 Tantam
497 575 709 620 ferociam
742 575 978 633 infringere
1019 580 1065 621 et
1099 576 1320 622 debellare
1354 579 1447 621 tam
1476 575 1615 621 fortes

191 662 346 716 gentes
377 658 559 703 arduum
589 658 784 715 profecto
814 663 912 703 erat
941 663 988 704 et
1016 660 1145 705 laude
1176 660 1487 716 dignissimum.

210 730 212 732 ¹
281 741 450 787 Deinde
462 755 535 787 res
553 756 581 787 a
601 741 814 798 Paullino,
831 743 1095 798 peritissimo
1111 743 1187 788 illo
1206 747 1253 788 et
1266 741 1614 799 praeclarissimo

193 827 456 882 imperatore
470 860 480 879 ,
519 829 668 882 gestas
698 825 754 870 ab
786 827 986 882 Agricola
1024 839 1204 881 prorsus
1229 825 1486 870 obscuratas
1516 836 1614 868 esse

194 907 322 953 facile
366 910 572 963 apparet:
612 907 834 953 Paullinus
865 920 1027 964 paucas
1074 908 1242 953 insulae
1284 910 1437 964 gentes
1481 905 1614 951 armis

192 980 439 1047 subegerat,
471 990 684 1036 subactas·
702 992 801 1047 iugo
822 992 1015 1036 Romano
1036 1006 1121 1036 non
1145 991 1465 1037 assuefecerat:
1488 989 1613 1046 Agri-

196 1076 291 1123 cola
331 1088 479 1121 omnes
508 1076 744 1121 Britannos
785 1075 1105 1131 debellaverat,
1146 1089 1225 1121 nec
1267 1076 1394 1132 longe
1439 1073 1616 1120 affuerat

192 1159 297 1217 quin
314 1160 360 1204 in
379 1159 626 1215 provinciae
646 1158 828 1204 formam
844 1163 982 1204 totam
1002 1159 1189 1204 insulam
1205 1159 1438 1215 redigeret.
1482 1157 1613 1202 Paul-

181 1242 307 1287 linus
335 1240 518 1286 militiae
548 1241 737 1297 peritus,
768 1241 971 1297 Agricola
1009 1253 1191 1297 magnus
1220 1239 1338 1285 bello
1367 1252 1447 1284 nec
1475 1239 1617 1284 minor

190 1336 300 1381 pace
329 1324 573 1369 exstiterat.
1153 1364 1155 1366 ,

278 1406 475 1463 Denique
516 1418 571 1450 ne
610 1406 861 1451 omittamus
907 1407 1152 1463 Agricolam
1192 1405 1387 1451 Suetonii
1431 1404 1619 1450 Paullini

192 1483 398 1548 auspiciis
420 1503 513 1535 rem
539 1490 773 1535 militarem
800 1489 1018 1535 didicisse.
1078 1491 1147 1536 Ita
1174 1503 1228 1535 ea
1248 1490 1465 1546 legatione
1492 1501 1618 1534 enar-

188 1574 328 1620 randa
357 1587 443 1619 non
473 1574 613 1619 solum
642 1573 805 1630 legatio
831 1574 1063 1630 Agricolae
1096 1575 1344 1620 celebratur
1374 1572 1453 1619 sed
1481 1572 1615 1618 etiam

189 1656 330 1712 prima
360 1656 454 1701 eius
484 1656 653 1710 militia,
685 1668 769 1699 non
800 1649 1070 1713 neglegenda
1099 1657 1217 1701 vitae
1247 1669 1372 1713 pars,
1402 1668 1513 1712 quae
1544 1667 1615 1699 ca-

175 1739 282 1796 pite
299 1729 464 1795 *quinto
503 1738 642 1784 levius
678 1737 939 1785 adumbrata
979 1743 1098 1795 erat,
1140 1740 1358 1796 copiosius
1396 1743 1444 1784 et
1481 1737 1616 1783 abun-

190 1822 365 1868 dantius
394 1822 654 1867 illustratur.

277 1907 564 1963 Explicantur
602 1910 649 1951 et
691 1905 934 1963 probantur
973 1920 1048 1962 ea,
1096 1920 1207 1964 quae
1247 1907 1292 1951 in
1331 1906 1416 1952 fine
1460 1906 1617 1963 capitis

191 1991 330 2049 quinti
361 1994 556 2036 exstant:
601 1993 726 2047 ‘quae
758 1993 915 2036 cuncta
946 2025 1130 2036 .....
1162 1995 1303 2037 artem
1333 1995 1380 2036 et
1415 2003 1541 2036 usum
1570 1993 1617 2035 et

190 2074 391 2120 stimulos
431 2072 641 2118 addidere
686 2073 831 2134 iuveni
871 2073 1137 2129 intravitque
1180 2074 1369 2119 animum
1412 2074 1616 2119 militaris

189 2158 355 2215 gloriae
385 2157 540 2213 cupido
571 2157 745 2213 ingrata
774 2156 1056 2213 temporibus'
1088 2170 1178 2214 eqs.

202 2244 205 2247 ⁴
275 2242 398 2295 Quae
429 2253 525 2285 cum
555 2241 619 2285 ita
649 2240 758 2295 sint,
792 2241 907 2297 quod
938 2242 1138 2296 Tacitus,
1171 2246 1404 2298 antequam
1433 2242 1615 2297 legatio-

191 2338 289 2370 nem
320 2325 548 2381 Agricolae
587 2325 825 2379 enarravit,
867 2338 939 2370 res
975 2329 1105 2371 antea
1143 2327 1188 2370 in
1216 2326 1445 2371 Britannia
1474 2325 1615 2370 insula

172 2412 338 2465 'gestas
359 2406 479 2451 brevi
497 2406 544 2450 in
565 2410 800 2462 conspectu
819 2407 967 2462 posuit
990 2410 1120 2464 atque
1143 2408 1330 2453 Paullini
1354 2408 1614 2463 legationem

188 2491 334 2548 paullo
366 2490 612 2536 accuratius
647 2489 908 2545 illustravit,
950 2490 1002 2536 id·
1037 2492 1212 2537 minime
1242 2493 1397 2547 mirum
1427 2491 1613 2537 videtur.

277 2575 456 2620 Rectius
487 2574 712 2637 disputata
743 2586 849 2631 esse
869 2574 1085 2630 videntur,
1118 2589 1228 2632 quae
1259 2575 1374 2632 apud
1396 2576 1613 2621 Andrese-

188 2648 307 2702 nium
337 2658 365 2702 l.
397 2657 425 2702 l.
457 2670 500 2713 p.
528 2659 568 2701 6.
600 2657 897 2703 inveniuntur:
929 2659 1189 2705 ‘Besonders
1220 2659 1453 2705 auffallend
1481 2660 1541 2705 ist
1571 2660 1615 2704 in

171 2738 353 2786 diesem
374 2738 646 2790 Abschnitte
682 2739 754 2786 die
783 2727 1178 2797 Ausfiihrlichkeit,
1220 2743 1301 2787 mit
1327 2742 1514 2788 welcher
1543 2743 1614 2788 die

186 2817 349 2866 Motive
379 2822 459 2866 der
487 2821 689 2866 wala-end
722 2823 802 2867 der
821 2824 1102 2881 Verwaltung
1131 2826 1210 2870 des
1231 2826 1464 2871 Suetonius
1486 2827 1614 2871 Paul·
