1807 3200
866 304 919 343 10

175 419 452 474 neglegentia
484 423 529 463 et
559 419 745 472 invidia,
790 432 901 474 quae
942 432 1071 474 quam
1112 417 1303 463 difficilia
1335 420 1423 463 sint
1453 419 1511 463 ad
1541 432 1612 463 su-

177 498 438 556 perandum,
483 501 579 558 quis
612 504 681 546 est
712 501 815 556 quin
846 501 1088 557 intellegat.

263 585 451 628 Maxime
482 585 617 640 igitur
647 584 848 628 interfuit
879 586 1039 638 Taciti,
1083 589 1133 629 ut
1164 586 1254 628 vita
1285 586 1424 628 soceri
1465 586 1610 640 legen-

176 666 295 713 tibus
327 669 537 724 placeret.

265 753 406 807 Atque
447 753 490 795 in
533 753 652 796 nullo
689 766 879 808 unquam
921 752 1070 796 libello
1108 752 1333 797 fastidium
1364 753 1610 808 aequalium

176 833 367 890 effugere
399 834 616 879 difficilius
649 836 785 880 fuisse
817 836 1013 880 dixerim.

263 918 456 962 Primum
507 918 625 962 illius
675 919 887 974 temporis
940 920 1156 962 Romanos
1203 919 1375 962 omnino
1420 919 1608 963 vitarum

174 1000 385 1052 lectione,
418 1001 577 1044 nedum
609 1014 779 1054 earum,
813 1014 924 1055 quae
957 1001 1201 1055 aequalium
1233 1000 1350 1044 facta
1380 1014 1608 1054 moresque

173 1081 470 1135 illustrarent,
509 1095 594 1125 non
637 1082 764 1126 facile
807 1083 1049 1126 delectatos
1082 1095 1178 1126 esse
1210 1083 1348 1137 ipsius
1379 1082 1607 1137 Agricolae

174 1166 442 1219 prooemium
485 1166 625 1210 docet.
704 1165 835 1210 Liber
867 1167 1057 1210 convicio
1089 1166 1325 1210 Domitiani
1362 1166 1607 1210 destinatus

173 1246 269 1292 fieri
313 1262 397 1292 non
428 1253 622 1305 poterat,
678 1250 779 1305 quin
812 1248 867 1294 ab
909 1249 1105 1294 omnibus
1149 1250 1272 1305 quasi
1309 1249 1605 1303 devoraretur,

174 1332 266 1375 vita
309 1332 463 1376 honori
503 1334 584 1376 viri
628 1334 758 1388 paulo
797 1338 928 1377 antea
967 1334 1126 1377 mortui
1157 1331 1610 1387 destinata-placebat

173 1415 418 1469 perpaucis.

261 1497 511 1541 Accedebat
552 1499 666 1553 quod
707 1499 818 1542 duae
849 1499 978 1542 istius
1012 1498 1124 1541 vitae
1156 1501 1306 1552 partes
1336 1497 1401 1540 ita
1432 1508 1603 1551 compa-

172 1584 297 1624 ratae
330 1585 469 1634 erant,
501 1585 551 1626 ut
580 1583 741 1625 nemini
770 1582 855 1626 nisi
886 1582 1085 1636 cognatis
1118 1581 1345 1636 Agricolae
1377 1584 1423 1624 et
1452 1580 1602 1624 amicis

170 1665 439 1720 voluptatem
471 1666 654 1721 legendo
698 1665 926 1718 afferrent,
966 1666 1155 1720 priorem
1187 1664 1283 1708 dico
1315 1667 1360 1709 et
1389 1664 1603 1719 posterio-

169 1762 284 1792 rem:
317 1763 416 1793 nam
447 1763 519 1793 res
551 1751 613 1793 eis
646 1754 874 1793 enarratas
906 1750 991 1793 etsi
1023 1749 1078 1793 ab
1110 1748 1331 1801 omnibus,
1374 1748 1446 1803 qui
1477 1747 1602 1803 Agri-

170 1831 307 1874 colam
340 1832 482 1886 ipsum
513 1836 705 1884 nossent,
738 1845 822 1875 non
856 1832 948 1875 sine
974 1832 1197 1885 voluptate
1219 1831 1358 1873 lectas
1390 1841 1487 1872 esse
1516 1841 1601 1872 non

170 1915 439 1968 negaverim,
483 1918 628 1958 tamen
661 1916 820 1958 ceteris
851 1915 1067 1969 placuisse
1100 1917 1149 1957 ut
1178 1913 1283 1956 mihi
1314 1912 1600 1967 persuadeam

169 1997 357 2041 animum
388 1997 593 2041 inducere
626 2011 710 2041 non
742 2010 931 2052 possum.
1005 1996 1213 2051 Obsequii
1254 1999 1399 2040 autem
1438 1998 1484 2039 et
1509 2008 1601 2039 mo-

168 2079 337 2122 destiae
368 2080 574 2123 virtutem
604 2081 762 2124 iterum
793 2083 925 2134 atque
949 2080 1123 2134 saepius
1142 2079 1423 2133 praedicatae
1453 2078 1599 2134 legen-

167 2164 276 2207 tium
306 2163 575 2207 multitudini
614 2162 838 2207 fastidium
880 2164 1025 2218 potius
1069 2175 1195 2217 quam
1228 2162 1495 2217 voluptatem
1531 2165 1600 2206 at-

166 2247 321 2290 tulisse
353 2259 484 2300 supra
515 2246 771 2289 monuimus.

255 2330 492 2373 Maximum
531 2330 665 2385 igitur
702 2328 838 2373 fuisse
869 2328 1122 2384 periculum,
1155 2340 1209 2371 ne
1240 2325 1351 2371 liber
1383 2327 1438 2371 de
1468 2326 1600 2372 rebus

163 2412 441 2467 moribusque
484 2412 711 2466 Agricolae
766 2412 1039 2466 conscriptus
1093 2411 1349 2464 displiceret
1379 2410 1598 2464 Romanis,

164 2510 244 2550 pro
276 2499 396 2539 certo
430 2495 673 2538 statuerim.

286 2579 423 2621 Unius
464 2577 634 2620 mediae
677 2590 700 2619 e
740 2580 836 2619 tota
877 2578 967 2619 vita
997 2576 1138 2630 partis
1170 2574 1389 2618 enarratio
1422 2574 1477 2617 ab
1508 2587 1598 2617 om-

166 2661 293 2706 nibus
338 2660 566 2713 Romanis,
615 2660 698 2704 nisi
739 2660 811 2715 qui
855 2659 909 2703 ab
950 2659 1065 2706 omni
1096 2658 1299 2714 politiore
1330 2657 1600 2703 humanitate

165 2741 476 2794 abhorrerent,
521 2740 616 2784 fieri
660 2754 743 2785 non
775 2742 996 2796 potuisse,
1042 2741 1143 2796 quin
1187 2739 1390 2784 secundis
1421 2738 1599 2784 auribus

164 2823 461 2876 acciperetur,
505 2826 705 2877 apertum
736 2827 784 2865 et
813 2823 1091 2867 manifestum
1123 2826 1204 2865 est.
