1807 3200
542 676 544 678 ’
600 698 977 758 ·ΡΗ11.1ΡΡ113
1011 701 1246 755 PAUER

726 819 805 862 DE
837 819 975 871 VITA
1004 820 1128 865 SUA.

307 970 450 1015 Natus
490 982 585 1016 sum
626 983 737 1021 anno
776 970 819 1022 h.
852 984 886 1015 s.
916 971 998 1015 LII
1027 972 1098 1016 die
1127 972 1212 1021 VII
1248 972 1411 1034 mensis
1448 971 1568 1027 ,Iunii
1596 970 1642 1015 in

219 1052 317 1118 rico,
345 1065 482 1116 prope
502 1052 746 1104 Hildesiam
775 1052 927 1099 urbem
958 1054 1058 1109 sito,
1086 1054 1155 1099 cui
1183 1050 1339 1109 nomen
1367 1057 1440 1108 est
1465 1053 1643 1111 Hoheu-

219 1137 458 1199 eggelsen,
494 1141 621 1193 patre
672 1137 905 1182 Wilhelmo
950 1138 1093 1183 Pauer
1137 1138 1359 1194 praefecto
1407 1126 1644 1191 conventus

219 1206 415 1273 iuridici,
469 1223 609 1264 matre
652 1220 841 1265 Antonia
892 1233 916 1264 e
957 1206 1086 1276 gente
1129 1220 1250 1270 Bock
1290 1220 1345 1267 de
1384 1219 1641 1277 Wiilfingen.

220 1302 345 1346 Fidei
375 1301 578 1346 addictus
623 1299 718 1345 sum
748 1303 1034 1356 evangelicae.
1093 1302 1269 1346 Patrem
1300 1302 1427 1346 amisi
1455 1302 1643 1358 quinque

220 1397 357 1429 annos
386 1388 515 1428 natus
530 1419 541 1438 ,
584 1388 769 1428 matrem
799 1384 938 1429 adhuc
977 1385 1118 1444 vivam
1158 1385 1230 1439 pio
1261 1388 1471 1440 gratoque
1501 1384 1643 1428 animo

217 1479 412 1512 veneror.
721 1520 724 1523 ι
1198 1512 1203 1519 ,
1357 1507 1359 1509 ,

307 1551 465 1595 Primis
495 1549 722 1595 literarum
753 1549 980 1594 elementis
1017 1547 1209 1594 imbutus
1238 1548 1506 1605 gymnasium
1537 1550 1644 1593 Got-

219 1635 417 1690 tingense
458 1634 570 1687 adii,
628 1633 743 1689 quod
788 1646 868 1688 per
907 1633 1108 1677 undecim
1146 1645 1283 1676 annos
1330 1636 1377 1676 et
1421 1632 1645 1677 dimidium

220 1716 506 1773 frequentavi.
581 1716 871 1782 Maturitatis‚
915 1715 1031 1771 quod
1065 1719 1244 1770 vocant,
1290 1715 1539 1759 testimonio
1578 1719 1643 1759 in-

220 1804 426 1846 structus.
451 1800 567 1845 inter
611 1800 727 1844 cives
771 1799 1019 1844 academiae
1058 1798 1274 1854 Georgiae
1310 1800 1534 1854 Augustae
1573 1811 1643 1843 re·

220 1886 372 1939 ceptus
400 1895 508 1928 sum.
569 1882 654 1926 Per
684 1882 848 1937 septies
879 1894 956 1926 sex
982 1893 1155 1925 menses
1177 1881 1456 1935 Graecorum,
1487 1882 1644 1926 Roma-

218 1976 392 2017 norum,
440 1963 754 2008 Germanorum
781 1964 922 2008 literis
952 1976 1129 2018 operam
1160 1964 1263 2007 dedi
1293 1967 1339 2007 et
1367 1963 1499 2008 hosce
1527 1963 1644 2008 viros

220 2046 485 2092 clarissimos
528 2050 575 2090 et
619 2046 894 2091 doctissimos
937 2045 1106 2090 audivi:
1166 2045 1530 2101 Hirschfeld,
1576 2046 1643 2091 de

219 2130 485 2184 Leutsch,
516 2115 708 2183 Lotze',
738 2129 964 2183 Miiller,
997 2129 1235 2187 Sauppe,
1266 2130 1640 2175 Wachsmuth.

223 2211 451 2257 Seminarii
491 2210 740 2268 philologici
781 2215 828 2255 et
866 2212 1094 2257 societatis
1134 2211 1408 2268 germanicae
1449 2225 1529 2269 per
1556 2213 1642 2257 tria

220 2294 450 2340 semestria
478 2295 641 2339 sodalis
672 2295 735 2339 de
765 2294 1088 2348 Leutschii,
1121 2295 1393 2350 Sauppii,
1423 2295 1641 2340 Wachs-

218 2377 441 2432 muthii‚
491 2377 729 2422 Miilleri
759 2377 958 2422 doctrina
985 2389 1090 2421 usus
1121 2390 1229 2431 sum,
1261 2377 1416 2433 quibus
1446 2378 1642 2423 omnibus

218 2459 325 2506 viris
353 2461 584 2506 maximam
612 2473 682 2504 me
719 2469 892 2518 semper
919 2461 1107 2517 gratiam
1133 2459 1382 2505 habiturum
1414 2474 1511 2505 esse
1543 2474 1643 2517 pro-

222 2541 363 2589 fiteor.
906 2531 908 2533 ’

305 2628 413 2672 Inde
456 2641 483 2672 a
522 2641 625 2672 vere
663 2627 764 2672 anni
805 2627 848 2671 11.
875 2641 909 2672 3.
941 2628 1126 2673 LXXIII
1165 2640 1244 2684 per
1284 2630 1373 2673 tria
1415 2630 1642 2673 semestria

219 2707 344 2765 Regii
384 2710 605 2755 seminarii
632 2709 915 2766 paedagogici
946 2710 1110 2755 sodalis
1152 2710 1208 2755 ad
1238 2711 1436 2767 magistri
1466 2725 1643 2756 munera

1314 2803 1338 2843 3
