1807 3200
927 269 979 311 13

212 390 248 431 ⁴1
263 391 359 430 ——9
389 389 438 430 et
468 386 662 429 39-46
693 383 846 427 addita
875 395 996 437 esse,
1042 388 1173 439 atque
1202 385 1266 428 ita
1296 384 1518 430 exstitisse
1549 398 1647 430 eum

165 484 167 486 ’
223 480 353 525 quem
379 478 494 512 nunc
521 464 760 511 habeamus
791 467 1028 509 centonem.

312 550 439 595 Ferri
466 561 551 594 non
581 560 711 605 posse
730 544 871 593 'istam
902 548 1098 604 quamvis
1127 548 1392 604 ingeniosam
1432 551 1649 596 coniectu-

223 647 318 679 ram
348 646 445 679 cum
476 632 718 688 complures
747 631 830 676 viri
860 630 979 675 docti
1008 631 1350 676 luculentissime
1380 633 1649 679 demonstra-

223 716 380 770 verint,
409 714 667 771 gravissima
696 725 846 758 eorum
859 747 869 767 ,
905 725 1016 769 quae
1048 715 1200 757 contra
1230 725 1326 758 eam
1356 713 1501 759 facere
1531 716 1649 760 vide-

223 803 368 853 antur,
394 801 651 854 argumenta
673 795 870 853 proferre
896 796 1006 841 satis
1024 794 1178 840 habeo.
1238 796 1304 840 Ex
1334 796 1489 852 quibus
1511 799 1650 853 primo

225 880 321 925 loco
352 880 529 937 dignum
557 879 744 934 videtur,
776 878 892 935 quod
923 878 1096 923 Schoell
1111 878 1144 933 ¹)
1173 879 1353 933 monuit,
1384 892 1432 924 se
1463 881 1651 926 animum

226 963 431 1009 inducere
461 977 546 1009 non
575 975 705 1020 posse
719 998 729 1018 ‚
761 966 811 1008 ut
841 951 1099 1019 scriptorem
1130 963 1479 1018 spectatissimae
1510 965 1651 1021 gravi-

225 1047 332 1091 tatis
377 1050 424 1091 et
466 1046 718 1103 diligentiae
758 1046 804 1089 in
843 1045 1135 1101 componendo
1175 1044 1287 1090 libro
1327 1046 1482 1091 honori
1512 1049 1652 1092 soceri

226 1128 445 1174 destinato
460 1192 462 1194 V
476 1133 522 1174 et
552 1128 667 1185 quod
695 1128 880 1184 primum
912 1129 1021 1173 artis
1051 1128 1287 1173 historicae
1308 1130 1528 1184 specimen
1549 1116 1651 1175 ede-

224 1216 307 1267 ret,
339 1216 465 1258 tanta
493 1225 620 1258 usum
650 1224 747 1257 esse
776 1212 1025 1257 temeritate
1056 1215 1284 1257 statueret.

197 1270 281 1386 O
313 1296 421 1341 Tam
451 1296 643 1353 graviter
672 1308 878 1341 accusare
900 1295 1097 1340 Tacitum
1126 1308 1213 1340 non
1242 1295 1393 1340 licebit
1421 1297 1505 1341 nisi
1536 1299 1652 1342 omni

224 1392 317 1424 rem
347 1380 478 1425 aliter
509 1380 751 1436 explicandi
779 1379 950 1424 ratione
981 1379 1197 1435 adempta.

313 1463 482 1508 Deinde
526 1476 629 1508 vero
675 1476 758 1519 quo
808 1463 1062 1519 gravissimo
1112 1463 1339 1508 Andresen
1390 1467 1650 1512 sententiam

227 1559 350 1592 suam
393 1546 634 1592 firmavisse
684 1546 768 1591 sibi
813 1546 986 1590 videtur
1034 1550 1288 1602 argumento
1342 1552 1522 1604 excepto
1564 1563 1650 1594 uno

226 1630 451 1676 enuntiato
491 1631 599 1675 nihil
638 1631 684 1674 in
725 1629 923 1675 omnibus
967 1630 1056 1675 illis
1097 1629 1396 1687 undetriginta
1435 1633 1651 1688 capitibus

225 1714 392 1767 inesse,
424 1713 539 1769 quod
569 1713 683 1758 sicut
712 1712 768 1757 ab
798 1712 1054 1757 enarrandis
1084 1711 1216 1757 rebus
1247 1713 1512 1760 Britannicis
1544 1717 1650 1760 alie-

226 1808 328 1841 num
377 1797 442 1841 ita
494 1796 551 1841 ad
601 1796 735 1841 vitam
784 1795 1013 1852 Agricolae
1053 1795 1358 1841 illustrandam
1413 1802 1563 1853 aptum
1606 1803 1652 1844 et

226 1879 521 1924 necessarium
590 1881 709 1924 esset
728 1913 738 1932 ‚
813 1877 858 1923 id
932 1878 1097 1923 nullum
1167 1891 1265 1924 esse
1338 1879 1653 1927 demonstravit

227 1962 423 2008 Eussner
440 1961 489 2020 ²).

317 2044 412 2099 Qua
439 2058 489 2090 re
517 2045 563 2089 in
593 2044 849 2101 explicanda
877 2044 1047 2090 mediae
1067 2045 1186 2090 illius
1215 2046 1356 2101 partis
1385 2046 1653 2103 longitudine

229 2131 276 2175 et
303 2142 463 2185 genere
495 2128 667 2174 dicendi
696 2141 771 2183 ea,
813 2141 899 2185 qua
928 2128 1156 2175 Andresen
1184 2128 1335 2183 voluit,
1366 2130 1537 2175 ratione
1567 2145 1651 2176 non

227 2212 402 2257 licuerit
430 2212 508 2257 uti.

316 2295 464 2352 Longe
495 2294 626 2343 aliam
655 2294 769 2340 viam
797 2294 1021 2351 ingressus
1051 2295 1120 2338 est
1145 2292 1356 2349 Guthling
1368 2292 1417 2350 ⁸),
1451 2295 1524 2351 qui
1555 2308 1652 2340 sen·

227 2378 411 2424 tentiam
450 2391 573 2423 suam
613 2378 694 2424 hoc
726 2376 950 2423 enuntiato
981 2375 1329 2431 comprehendit:
1364 2376 1528 2422 'Tacito
1559 2381 1652 2423 tum

226 2461 413 2517 primum
442 2462 500 2507 ad
529 2462 757 2508 historiam
787 2460 1012 2506 accedenti
1048 2458 1164 2504 haud
1204 2459 1294 2504 scio
1332 2472 1388 2504 an
1428 2461 1651 2516 acciderit,

329 2678 367 2725 1)
390 2677 530 2715 Jenaer
555 2678 888 2725 Literaturzeitunq
918 2676 1022 2714 1874.
1045 2688 1084 2724 p.
1096 2676 1178 2713 555.

328 2737 367 2786 2)
391 2738 444 2775 N.
472 2738 606 2776 Jahrb.
625 2740 667 2788 s.
693 2738 813 2787 Phieq.
840 2737 946 2776 1875.
971 2748 1010 2784 p.
1028 2736 1100 2774 346
1123 2735 1163 2775 ff.

332 2798 370 2846 3)
396 2799 466 2838 ‘De
490 2799 617 2839 Taciti
641 2799 844 2848 Agricola!
890 2809 1019 2847 proyr.
1045 2796 1190 2845 Liqm'e.
1222 2796 1327 2834 1878.
