1807 3200
889 240 940 280 17

287 356 375 409 Sed
412 355 531 400 haud
570 355 664 409 scios
703 368 759 414 an
792 354 940 408 vitium
975 355 1092 412 *illu-d
1125 356 1378 401 coniunctae
1409 368 1504 400 cum
1536 355 1625 400 vita

197 451 343 485 rerum
371 437 605 482 memoriae
635 449 713 481 cur
733 437 909 493 saepius
935 436 1211 491 commiserit,
1241 438 1374 491 etiam
1394 437 1521 485 aliam
1554 450 1626 482 ra-

195 524 358 577 tionem
386 519 718 582 liceatmafferre.

287 604 412 658 Quod
442 602 603 656 accidit
632 602 784 647 Tacito
814 603 860 646 in
890 602 1134 660 colligenda
1164 603 1219 647 ad
1248 616 1321 647 res
1342 603 1623 648 Germanicas

200 687 469 734 enarrandas
499 686 708 740 materia,
739 689 790 730 ut
820 688 910 730 tam
941 684 1120 730 uberem
1150 699 1295 731 rerum
1326 686 1494 742 copiam
1525 699 1623 730 con-

194 770 347 817 ficeret
360 805 370 824 ,
401 783 529 826 quam
551 770 603 813 'in
635 782 709 822 ea,
754 782 882 825 quam
914 768 1209 814 conscriberet
1237 769 1444 823 historia,
1484 772 1622 813 totam

197 855 390 899 intexere
432 852 516 897 sibi
557 864 642 895 non
683 852 815 896 licere
859 852 1062 903 sentiret,
1104 852 1219 895 idem
1260 855 1485 907 expertum
1525 862 1622 894 eum

195 949 293 982 esse
334 937 378 980 in
422 935 667 980 incohanda
705 935 959 979 Britanniae
1000 935 1269 990 perdomitae
1308 934 1495 979 historia
1531 937 1621 978 sta-

195 1019 372 1065 tuerim:
414 1017 640 1064 crescebat
669 1018 714 1062 in
744 1018 838 1074 dies
870 1019 910 1062 ei
940 1018 1167 1072 materies,
1200 1018 1358 1074 quippe
1390 1030 1519 1074 quam
1550 1029 1620 1061 so·

162 1139 164 1141 .
196 1105 284 1149 ceri
314 1104 551 1149 relationes
581 1104 939 1158 narrationesque
971 1103 1234 1148 uberrimam
1273 1103 1618 1159 suppeditarent,

195 1201 245 1233 ac
274 1191 495 1244 postremo
526 1190 651 1232 tanta
682 1187 851 1231 exstitit
881 1200 1026 1232 rerum
1057 1187 1186 1241 silva,
1217 1190 1267 1232 ut
1296 1187 1432 1232 multo
1463 1186 1619 1231 minori

194 1282 341 1312 earum
371 1268 486 1323 parti
517 1269 562 1310 in
592 1268 788 1311 historiis
819 1269 959 1312 locum
990 1268 1082 1312 fore
1113 1268 1403 1323 intellegeret.
1474 1268 1617 1322 Atque

193 1363 288 1395 cum
319 1350 411 1395 fere
442 1351 585 1395 omnia
617 1364 689 1404 ea,
728 1364 838 1407 quae
871 1352 1141 1407 collegisset,
1186 1351 1243 1396 ad
1283 1351 1423 1396 soceri
1462 1349 1616 1395 laudes

189 1433 473 1479 illustrandas
502 1434 722 1490 pertinere
764 1433 848 1478 sibi
888 1435 1194 1490 persuaderet,
1236 1435 1381 1480 studio
1411 1434 1513 1479 illas
1543 1445 1615 1477 res

190 1517 235 1561 in
263 1517 452 1562 medium
482 1517 731 1573 proferendi
757 1517 874 1562 haud
904 1532 1004 1563 raro
1043 1519 1258 1564 adductus
1289 1518 1462 1563 videtur
1500 1531 1613 1570 esse,

190 1603 341 1645 utres
371 1614 397 1646 a
427 1601 517 1645 vita
547 1600 806 1646 illustranda
843 1601 1075 1645 alieniores
1114 1601 1356 1647 narrationi
1398 1612 1504 1645 suae
1546 1599 1611 1642 in—

189 1686 369 1727 sereret.

277 1765 475 1821 Denique
516 1765 632 1810 haud
671 1766 736 1809 ita
765 1779 904 1821 pauca
934 1779 1102 1820 eorum,
1140 1779 1252 1822 quae
1282 1779 1309 1810 a
1338 1766 1456 1810 iusta
1485 1777 1608 1809 vera-

188 1861 270 1904 que
300 1849 390 1893 vita
420 1849 656 1893 remotiora
686 1862 783 1894 esse
823 1862 907 1893 non
938 1850 1181 1906 ignoraret,
1222 1847 1278 1894 ob
1316 1862 1412 1894 eam
1442 1861 1535 1893 rem
1564 1847 1610 1891 in

187 1931 381 1981 libellum
403 1944 528 1977 suum
549 1932 721 1977 videtur
737 1933 971 1988 recepisse,
1001 1933 1103 1989 quia
1123 1946 1324 1990 magnam
1345 1931 1509 1978 habere
1531 1931 1606 1977 de-

186 2015 463 2061 lectationem
484 2013 568 2060 sibi
588 2016 894 2071 persuasisset.
943 2016 1037 2061 Hac
1061 2018 1233 2062 ratione
1253 2014 1425 2062 videtur
1445 2015 1606 2061 adduc-

185 2102 258 2143 tus
288 2111 399 2153 esse,
431 2102 481 2143 ut
510 2098 794 2154 descriptioni
810 2098 1065 2144 Britanniae
1095 2099 1263 2145 insulae
1293 2102 1341 2144 et
1368 2099 1605 2144 incolarum

184 2182 278 2230 eius
319 2182 436 2228 haud
473 2195 614 2238 pauca
642 2182 880 2236 insereret,
919 2182 1075 2239 quibus
1106 2184 1430 2229 delectarentur
1458 2183 1604 2239 legen-

182 2264 291 2316 tium
321 2265 466 2310 animi.
538 2264 703 2309 Eodem
743 2264 1018 2310 referendam
1057 2278 1155 2310 esse
1192 2264 1339 2322 fugam
1369 2264 1604 2319 Usiporum

182 2347 297 2394 infra
333 2348 580 2395 accuratius
623 2348 852 2394 disseram.
929 2348 1096 2394 Eodem
1135 2349 1320 2405 denique
1360 2348 1455 2393 loco
1496 2360 1602 2392 non-

180 2431 302 2477 nulla
330 2431 724 2486 eorumduxerim,
766 2445 878 2488 quae
909 2432 1133 2477 Andresen
1163 2432 1192 2476 1.
1224 2432 1252 2476 l.
1284 2434 1390 2487 p.,6.
1419 2435 1443 2475 7
1475 2434 1601 2476 nota-

182 2515 257 2569 vit,
287 2518 338 2560 ut
368 2528 434 2570 ea,
466 2528 577 2570 quae
608 2514 662 2559 de
692 2514 904 2561 Hibernia
934 2528 1027 2571 cap.
1052 2518 1106 2559 24
1139 2515 1360 2568 dicuntur,
1391 2514 1491 2558 Auli
1520 2514 1598 2557 At-

178 2598 255 2644 tici
283 2601 490 2653 mortem,
523 2599 623 2643 alia.

263 2680 494 2726 'Postremo
534 2693 636 2725 vero
676 2680 794 2725 vitae
831 2681 1102 2726 enarrandae
1143 2682 1239 2735 illo,
1282 2695 1365 2737 quo
1396 2680 1599 2737 Agricola

179 2752 323 2809 editus
358 2768 445 2819 est,
485 2768 680 2820 tempore
719 2763 827 2809 fines
863 2769 909 2809 et
946 2767 1120 2810 termini
1148 2779 1233 2813 non
1263 2766 1327 2810 ita
1358 2766 1467 2810 certi
1498 2778 1597 2810 con-

1290 2841 1315 2882 2
