1807 3200
911 292 965 335 28

216 423 288 455 res
329 411 384 455 de
424 410 500 454 illo
544 409 738 453 facinore
780 408 1005 463 dispersos
1050 407 1185 453 fuisse
1229 407 1366 453 facile·
1399 407 1649 464 suspiceris,

219 493 335 550 quod
378 491 434 538 ab
478 490 676 537 omnibus
716 492 761 536 in
806 491 947 536 maius
989 494 1164 536 auctum
1210 495 1256 537 et
1291 490 1517 548 quomodo·
1531 493 1652 537 esset

219 577 384 622 factum
416 574 471 620 ab
502 575 588 620 alio
619 575 708 619 alia
738 575 909 619 ratione
939 563 1163 618 narratum
1184 586 1282 619 esse
1302 573 1487 619 videtur.
1531 573 1651 627 Quae

219 672 315 703 cum
346 659 412 702 ita
443 661 605 711 essent,
637 656 733 702 fieri
763 670 849 702 non
878 657 1044 712 potuit,
1077 656 1180 712 quin
1212 669 1361 701 omnes
1389 657 1479 701 ista
1508 656 1650 701 Taciti

215 741 493 786 enarratione
537 740 794 785 certissimis
834 738 1086 790 auctoribus
1127 739 1229 785 nixa
1258 752 1345 784 non
1373 738 1652 784 mediocriter

215 826 524 869 retinerentur.

306 907 510 952 Ceterum
550 906 697 950 nescio
738 918 793 950 an
833 905 966 950 etiam
995 904 1106 949 hanc
1137 904 1474 961 digressionem,
1520 917 1649 962 quam

215 989 355 1045 primo
386 987 542 1033 obtutu
571 1001 598 1032 a
627 988 720 1032 vita
748 987 1011 1032 illustranda
1035 987 1380 1032 remotissimam
1396 988 1534 1032 videri
1563 1000 1649 1032 non

216 1072 488 1128 negaverim,
535 1074 682 1116 tamen
724 1071 762 1115 si
804 1069 1056 1126 diligentius
1097 1070 1326 1126 inspicias,
1372 1070 1427 1116 ad
1476 1067 1648 1116 laudem

215 1154 446 1209 Agricolae
478 1152 784 1196 celebrandam
813 1153 1035 1208 pertinere
1066 1151 1385 1195 concedendum
1426 1152 1507 1196 sit:
1548 1151 1649 1196 illu-

216 1238 385 1280 stratur
414 1234 492 1279 illa
522 1234 647 1290 fuga,
691 1234 834 1290 qualis
864 1233 999 1278 fuerit
1029 1233 1267 1289 exercitus,
1300 1234 1369 1278 cui
1399 1233 1443 1277 in
1472 1233 1647 1279 Britan-

216 1316 290 1361 nia
320 1316 524 1373 Agricola
554 1320 781 1373 praeerat,
828 1316 1028 1372 quodque
1060 1315 1274 1373 Calgacus
1302 1316 1348 1360 in
1376 1315 1523 1363 media
1551 1328 1649 1361 ora-

213 1398 348 1442 tionis
394 1411 500 1443 suae
542 1402 670 1454 parte
712 1398 985 1454 praedicavit
1023 1397 1151 1441 fidem
1193 1398 1378 1443 Romani
1416 1398 1647 1454 exercitus,

213 1484 265 1526 ut
294 1481 368 1536 qui
399 1494 452 1525 ex
482 1480 792 1526 diversissimis
821 1479 1025 1537 gentibus
1068 1483 1320 1526 contractus
1362 1484 1501 1535 esset,
1548 1493 1646 1526 esse

213 1562 573 1619 infirmissimam,
618 1564 664 1608 id
700 1568 866 1609 temere
909 1576 1008 1608 eum
1050 1567 1096 1608 et
1134 1576 1188 1608 ex
1217 1576 1328 1609 vano
1357 1576 1444 1608 non
1472 1562 1647 1610 finxisse

215 1647 459 1692 edocemur.
1152 1710 1155 1712 q

303 1729 368 1772 Eo
406 1729 627 1785 digniores
664 1730 953 1775 admiratione
999 1730 1202 1774 videntur
1242 1742 1315 1775 res
1355 1729 1411 1775 ab
1441 1730 1646 1787 Agricola

214 1813 258 1856 in
279 1813 508 1856 Britannia
538 1816 714 1868 gestae:
747 1815 819 1869 qui
853 1826 948 1858 cum
979 1813 1058 1858 tali
1090 1813 1285 1857 exercitu
1314 1816 1383 1858 tot
1412 1816 1645 1869 tantasque

213 1896 422 1940 victorias
466 1897 760 1951 reportaverit
774 1931 784 1951 ,
832 1901 996 1953 quanta
1037 1896 1132 1941 eius
1179 1896 1318 1941 virtus
1366 1896 1648 1953 imperatoria

213 1977 504 2023 existimanda
534 1979 625 2023 est!

302 2060 460 2105 Restat
489 2064 539 2105 ut
570 2060 625 2105 de
656 2059 925 2106 orationibus
956 2062 1186 2118 Agricolae
1223 2065 1269 2106 et
1299 2060 1476 2118 Calgaci
1504 2075 1646 2118 pauca

179 2172 184 2182 -
214 2143 385 2187 addam.

299 2224 396 2269 Non
427 2224 473 2269 id
505 2224 647 2281 egisse
680 2224 902 2279 Tacitum,
943 2228 994 2269 ut
1032 2225 1130 2281 ipsa
1159 2223 1294 2271 verba
1323 2228 1426 2271 ante
1456 2238 1644 2283 pugnam

211 2308 268 2351 ad
299 2307 539 2363 Graupium
569 2311 761 2352 montem
793 2308 1068 2353 commissam
1107 2321 1134 2353 a
1175 2307 1358 2353 ducibus
1396 2308 1515 2354 facta
1543 2310 1644 2355 red-

212 2392 360 2445 deret,
409 2391 487 2435 sed
529 2391 573 2434 in
616 2391 769 2436 eodem
811 2404 971 2448 genere
1013 2392 1123 2437 istas
1163 2392 1384 2437 orationes
1421 2394 1644 2450 ponendas

211 2487 309 2519 esse
340 2479 472 2530 atque
503 2487 579 2519 eas
592 2508 602 2527 ‚
647 2475 799 2530 quales
831 2475 948 2532 apud
980 2476 1237 2529 Caesarem,
1267 2475 1459 2530 Livium,
1503 2458 1644 2522 Sallu-

211 2558 343 2602 stium
373 2557 657 2611 inveniamuS,
690 2562 864 2603 constat
894 2559 1010 2603 inter
1038 2559 1236 2603 homines
1265 2557 1431 2603 doctos.

301 2641 360 2684 Ac
377 2639 625 2696 >praecipue
658 2652 709 2684 eo
742 2641 945 2686 videntur
970 2641 1205 2698 pertinere,
1239 2642 1288 2684 ut
1310 2638 1416 2685 belli
1435 2641 1643 2697 rationes,

211 2724 363 2780 quales
394 2723 559 2768 fuerint
589 2727 691 2768 ante
721 2725 919 2770 ultimam
951 2725 1288 2778 dimicationem,
1318 2724 1554 2771 illustrent.

297 2807 462 2850 Iterum
493 2809 624 2861 atque
655 2807 832 2863 saepius
861 2809 1090 2852 universae
1120 2807 1184 2851 rei
1215 2807 1535 2852 dimicationem
1565 2822 1643 2864 ap-
