1807 3200
913 273 967 315 14

228 394 278 435 ut
314 390 447 436 altius
490 393 698 445 repetens
740 390 952 436 alieniora
988 391 1228 446 arriperet,
1272 403 1367 436 cum
1407 391 1668 447 praesertim

228 474 433 530 Agricola
476 486 562 517 non
603 477 723 518 esset
762 486 815 517 ex
847 486 997 518 eorum
1039 486 1239 529 numero,
1282 474 1356 531 qui
1396 475 1441 518 in
1486 474 1666 519 summis

225 558 331 602 viris
362 557 550 602 ducendi
579 557 710 601 sunt.’

314 640 447 684 Novit
476 652 573 684 eam
604 640 937 694 explicationem
967 639 1197 683 Andresen
1228 642 1360 695 atque
1391 640 1547 693 etiam,
1579 652 1666 696 qua

227 725 397 770 ratione
442 723 707 769 firmioribus
757 724 1026 780 argumentis
1071 724 1305 769 munienda
1350 727 1492 779 esset,
1543 724 1664 770 hisce

230 807 376 853 verbis
418 808 648 853 indicavit:
700 807 817 853 ‘Man
845 807 1008 852 konnte
1048 808 1307 863 annehmen,
1355 808 1461 854 dass
1490 808 1667 854 Tacitus

228 904 283 936 zu
319 892 446 946 jener
482 891 602 944 Zeit,
650 890 716 934 als
754 903 804 934 er
846 890 931 934 den
970 890 1174 946 Agricola
1212 890 1407 945 schrieb,
1450 891 1517 936 als
1557 903 1665 935 wer-

227 976 393 1020 dender
423 974 675 1020 Historiker
721 974 837 1019 allen
880 974 1138 1031 denjenigen
1170 975 1420 1020 Zustanden
1462 974 1552 1020 und
1578 974 1660 1019 Er-

229 1060 469 1116 eignissen,
516 1059 677 1103 welche
724 1059 805 1102 mit
842 1058 921 1102 der
962 1058 1099 1102 durch
1140 1059 1345 1115 Agricola
1386 1059 1662 1103 vollendeten

228 1130 563 1197 Unterwerfung
603 1142 880 1185 Britanniens
920 1142 978 1184 im
1020 1142 1420 1198 Zusammenhange
1462 1141 1661 1196 standen,

228 1226 298 1269 ein
340 1238 387 1269 so
429 1224 648 1268 lebhaftes
689 1224 909 1267 Interesse
955 1223 1196 1278 geschenkt
1239 1223 1371 1277 habe,
1419 1224 1521 1268 dass
1568 1223 1661 1267 sich

226 1308 431 1353 wahrend
476 1308 554 1352 des
586 1306 845 1351 Schreibens
888 1307 933 1349 in
977 1307 1060 1350 den
1092 1307 1286 1350 Rahmen
1330 1307 1450 1350 einer
1478 1307 1660 1362 Biogra-

225 1392 326 1448 phie
354 1391 583 1447 Agricolas
613 1389 885 1434 unmerklich
930 1389 1026 1433 eine
1057 1389 1317 1434 historische
1349 1390 1660 1446 Monographie

225 1473 336 1517 iiber
366 1473 436 1516 die
467 1471 725 1526 Eroberung
757 1471 835 1514 der
859 1471 977 1515 Insel
1009 1470 1215 1526 einfi'igte.
1277 1472 1368 1515 Das
1399 1472 1660 1515 verbaltnis-

225 1555 388 1610 massig
415 1553 692 1609 jugendlichc
723 1554 848 1597 Alter
879 1554 957 1597 des
984 1553 1239 1598 Verfassers
1269 1554 1415 1598 wiirde
1448 1555 1562 1598 dann
1593 1555 1659 1599 als

224 1638 601 1692 Entschuldigung
634 1637 761 1680 dafiir
791 1637 1119 1692 herangezogen
1139 1638 1309 1681 werden
1340 1638 1524 1691 konnen,
1557 1639 1660 1682 dass

226 1735 274 1766 er
304 1722 348 1766 in
380 1721 526 1766 dieser
558 1720 722 1765 Schrift
752 1719 857 1765 bald
888 1721 955 1765 als
985 1721 1225 1777 Biograph,
1267 1721 1372 1768 bald
1411 1723 1477 1767 als
1509 1722 1658 1768 Histo-

222 1806 343 1849 riker
374 1804 718 1861 entgegentritt.'

314 1887 439 1940 Quod
470 1890 623 1932 contra
653 1887 764 1931 hanc
796 1887 1128 1942 argumentandi
1158 1888 1372 1932 rationem
1404 1887 1460 1932 ab
1490 1888 1657 1932 Andre-

225 1971 346 2014 senio
378 1970 598 2025 prolatum
630 1972 721 2022 est,
762 1972 943 2024 accepta
974 1982 1026 2012 ea
1055 1982 1209 2024 pamm
1239 1970 1455 2026 intellegi,
1495 1970 1569 2026 qui
1601 1969 1660 2015 sit

224 2052 386 2098 factum
400 2087 410 2107 ,
449 2056 518 2107 ut,
565 2065 661 2097 cum
692 2053 737 2095 in
768 2053 927 2097 ceteris
958 2052 1097 2097 libelli
1126 2052 1328 2109 partibus
1357 2053 1467 2097 nihil
1496 2053 1602 2097 insit
1631 2067 1659 2098 a

223 2136 315 2180 vita
346 2136 557 2189 alienum,
601 2148 688 2179 una
732 2138 777 2178 et
819 2135 914 2179 sola
952 2136 1096 2180 media
1133 2135 1235 2180 libri
1265 2148 1369 2191 pars
1399 2140 1490 2180 tam
1519 2136 1658 2180 multa

224 2220 466 2273 contineat,
510 2232 621 2275 quae
666 2219 722 2263 ad
762 2219 989 2263 historiam
1029 2220 1175 2274 potius
1207 2233 1335 2275 quam
1366 2220 1499 2264 vitam
1530 2232 1656 2264 enar-

221 2304 405 2349 randam
446 2302 678 2347 referenda
719 2314 816 2345 esse
858 2301 1111 2355 videantur,
1160 2302 1206 2346 id
1246 2302 1406 2347 nullius
1450 2302 1656 2346 momenti

221 2400 319 2432 esse
350 2386 595 2431 statuerim.

308 2471 420 2514 Nam
461 2467 735 2512 illustrandis
771 2467 912 2521 prima
954 2472 1000 2510 et
1036 2468 1171 2512 tertia
1205 2468 1322 2511 vitae
1351 2467 1551 2522 partibus
1582 2468 1656 2523 qui

218 2552 313 2598 fieri
344 2552 551 2608 potuerit,
583 2554 632 2594 ut
662 2550 778 2593 vitae
811 2550 1038 2605 scriptoris
1070 2554 1116 2594 et
1136 2550 1333 2595 historici
1359 2555 1510 2606 partes
1540 2551 1656 2595 inter

220 2649 267 2680 se
297 2638 666 2690 permutarentur,
696 2645 877 2687 prorsus
908 2645 994 2676 non
1017 2633 1299 2688 intellegitur.
1363 2633 1457 2685 Qua
1481 2633 1655 2688 quidem

218 2720 412 2773 ratione,
458 2722 508 2763 ut
541 2716 754 2778 exemplo,
786 2711 890 2777 ‹juid
919 2716 1073 2771 velim,
1104 2717 1343 2770 illustrem,
1390 2716 1548 2761 adduci
1576 2729 1653 2772 po-

220 2802 359 2847 tuisse
392 2801 590 2846 Tacitum
622 2797 846 2854 putaveris
877 2799 921 2842 in
953 2799 1199 2844 enarranda
1228 2798 1470 2854 Agricolae·
1497 2797 1653 2843 educa-
