1807 3200
869 300 923 341 24

177 426 326 458 omnes
344 416 708 471 exsuperavisset,
731 410 1008 462 manifestum
1024 416 1162 461 fieret.
1209 417 1456 474 Edocendo,
1472 428 1607 476 quan-

175 497 314 542 tulum
347 500 448 543 ante
470 498 715 555 Agricolam
748 502 816 544 tot
846 500 970 545 annis
999 500 1044 543 in
1065 498 1304 557 subigenda
1333 500 1477 546 insula
1507 512 1607 558 pro-

174 579 336 624 fectum
369 584 509 636 esset,
541 581 739 626 omnibus
773 581 1144 638 persuadebatur,
1189 596 1316 639 quam
1347 568 1534 628 difficilis
1564 586 1609 627 et

176 665 314 710 ardua
345 665 502 711 fuisset
542 666 711 711 insulae
743 667 1002 723 expugnatio
1044 670 1089 711 et
1127 668 1277 723 quanti
1311 649 1608 713 aestimandae

175 752 324 794 essent
355 761 426 794 res
458 747 514 794 ab
545 749 749 806 Agricola
779 752 942 806 gestae.

263 834 503 889 Praecipue
536 847 609 888 ea,
651 847 735 889 qua
769 834 971 890 Agricola
1006 834 1319 889 peritissimum
1358 847 1531 890 semper
1561 847 1607 878 se

173 915 451 974 praebuerat,
484 930 556 963 ars
586 916 695 962 fines
725 917 895 974 imperii
926 918 1107 962 Romani
1136 918 1257 974 pacis
1289 917 1481 963 consiliis
1512 927 1604 963 mu-

173 1000 322 1045 niendi
360 1014 410 1045 ac
440 1001 711 1057 propagandi
741 1002 994 1057 praemissis
1025 1000 1124 1046 istis
1165 1001 1353 1058 quinque
1393 999 1608 1056 capitibus

175 1081 378 1129 elucebat
416 1086 547 1140 atque
579 1082 819 1129 eminebat:
857 1082 961 1129 belli
999 1083 1128 1129 laude
1160 1098 1213 1130 ex
1243 1085 1330 1139 eis,
1376 1084 1448 1141 qui
1479 1087 1610 1144 antea
1668 1136 1670 1138 ,

174 1166 362 1211 insulam
403 1164 706 1221 obtinuerant,
745 1167 863 1212 haud
903 1168 966 1213 ita
1006 1169 1132 1224 pauci
1177 1167 1415 1212 floruerant
1429 1202 1439 1221 ,
1485 1167 1606 1223 pacis

175 1248 345 1294 artibus
375 1247 481 1293 belli
511 1249 719 1294 virtutem
750 1262 862 1295 unus
893 1250 1097 1307 Agricola
1128 1242 1462 1306 adaequaverat.

264 1331 330 1376 Ne
371 1332 417 1375 in
456 1345 509 1376 ea
547 1332 721 1388 quidem
753 1346 801 1395 re
845 1333 1148 1379 offendendum
1180 1338 1271 1388 est,
1315 1333 1542 1390 quod-res
1580 1346 1607 1377 a

179 1413 386 1459 Suetonio
402 1414 603 1459 Paullino
624 1418 776 1471 gestae
795 1401 965 1471 plenius
988 1420 1117 1473 atque
1138 1415 1316 1461 uberius
1336 1418 1608 1460 enarrantur.

262 1498 375 1542 Nam
405 1498 593 1554 primum
623 1497 844 1549 uberrima
874 1500 1026 1544 Tacito
1066 1499 1252 1545 materia
1288 1502 1466 1555 praesto
1498 1499 1606 1553 erat,

176 1581 335 1638 quippe
367 1581 441 1637 qui
472 1594 498 1626 a
530 1593 681 1626 socero
713 1585 869 1627 cuncta
906 1583 1058 1639 procul
1099 1581 1230 1628 dubio
1262 1582 1442 1628 edoctus
1473 1584 1605 1627 esset.

264 1664 432 1708 Deinde
472 1664 698 1709 Paullinus
740 1669 911 1709 ceteros
955 1678 1104 1710 omnes
1149 1666 1341 1722 legatos,
1388 1666 1460 1720 qui
1482 1664 1607 1720 Agri-

177 1747 316 1791 colam
363 1750 714 1803 antecesserant,
772 1748 934 1793 virtute
987 1747 1272 1804 imperatoria
1312 1747 1439 1804 longe
1480 1758 1607 1802 supe-

175 1835 354 1876 raverat
385 1844 435 1875 ac
464 1844 537 1875 res
568 1830 623 1875 ab
671 1844 721 1876 eo
753 1835 903 1887 gestae
950 1833 1138 1877 omnium
1168 1832 1421 1877 memoriam
1452 1819 1605 1876 obscu-

177 1917 396 1959 raverant.

267 1997 329 2042 Ac
358 1998 531 2054 plenam
563 1997 867 2042 delectationis
907 1997 1000 2042 fore
1040 1999 1222 2043 istarum
1252 2010 1399 2043 rerum
1431 2010 1607 2043 enarra-

167 2082 339 2127 'tionem
361 2081 582 2126 bellicosis
598 2081 889 2127 Romanorum
916 2082 1071 2127 animis
1092 2095 1172 2138 per
1197 2095 1244 2127 se
1263 2081 1457 2138 patebat,
1479 2094 1606 2138 prae-

178 2166 329 2212 sertim
363 2178 458 2210 cum
490 2164 654 2221 optimo
686 2165 884 2210 Tacitum
915 2178 1040 2210 usum
1072 2178 1168 2211 esse
1200 2169 1378 2211 auctore
1407 2162 1611 2223 Agricola

174 2250 291 2294 inter
320 2261 468 2292 omnes
500 2251 736 2293 constaret.

264 2331 445 2375 Accedit
475 2330 591 2386 quod
621 2329 884 2375 illustranda
923 2329 1276 2386 splendidissima
1304 2330 1381 2375 illa
1413 2330 1608 2376 Suetonii

176 2413 363 2457 Paullini
407 2413 627 2469 legatione
668 2425 741 2457 res
784 2411 838 2457 ab
869 2413 1073 2469 Agricola
1112 2413 1257 2468 legato
1300 2413 1344 2456 in
1380 2413 1609 2458 Britannia

175 2501 327 2554 gestae
358 2497 602 2543 clarissima
631 2497 728 2542 luce
760 2496 1173 2542 circumfunduntur.

267 2582 327 2625 Ac
357 2573 544 2637 primum
576 2582 755 2626 summis
783 2580 986 2626 laudibus
1011 2581 1280 2626 extolluntur
1300 2581 1606 2626 Britannorum

176 2665 389 2710 fortitudo
420 2668 465 2709 et
496 2678 619 2710 amor
647 2666 842 2721 patriae,
883 2668 934 2710 ut
964 2665 1059 2722 qui,
1102 2677 1360 2721 quamquam
1390 2646 1470 2731 per
1501 2664 1608 2709 duos

178 2762 314 2794 annos
347 2749 543 2794 Suetonii
572 2749 761 2794 Paullini
799 2750 1004 2795 virtutem
1042 2748 1368 2805 imperatoriam
1399 2761 1450 2794 ac
1479 2760 1607 2805 prae·

181 2833 387 2878 stantiam
415 2845 631 2876 armorum
655 2815 945 2877 Romanomm
977 2835 1045 2874 tot
1073 2831 1252 2886 proeliis
1276 2832 1445 2887 experti
1467 2833 1606 2883 erant,
