1807 3200
898 256 923 295 9

196 370 462 416 Goorcuerat
489 369 765 414 insolentiam
794 369 1128 425 magistratuum
1165 374 1211 415 et
1239 371 1460 416 licentiam
1489 372 1622 428 atque

196 452 367 497 iniuriis
409 464 558 496 eorum
598 450 985 506 vexationibusque
1024 450 1151 496 finem
1188 452 1468 507 imposuerat.
1545 453 1623 497 Di-

196 547 373 591 spersos
402 538 449 579 et
476 538 688 591 vagantes
719 535 967 590 provinciae
997 535 1163 579 incolas
1194 548 1245 579 eo
1276 535 1542 590 adduxerat,
1571 539 1623 580 ut

196 619 324 664 sedes
354 617 536 663 stabiles
581 621 627 662 et
657 621 801 662 certas
843 617 1108 662 collocarent
1153 621 1283 672 atque
1322 618 1368 661 in
1397 618 1515 663 vicos
1546 632 1621 664 eos

196 705 243 745 et
280 699 413 745 urbes
460 703 686 756 coegerat,
731 699 900 744 feroces
957 712 1008 743 ac
1051 699 1182 743 rudes
1228 712 1365 755 eoque
1407 698 1523 743 bello
1556 699 1621 744 fa-

198 783 303 827 ciles
346 782 483 838 quieti
527 786 573 826 et
617 782 706 826 otio
748 794 828 837 per
857 782 1104 837 voluptates
1151 794 1202 826 ac
1233 781 1532 826 delicatiorem
1560 782 1623 826 vi-

196 870 270 911 tae
325 865 488 910 cultum
546 864 855 910 assuefecerat.
940 864 1150 909 Maiorem
1217 864 1403 921 denique
1448 865 1622 909 Britan-

196 947 294 992 niae
331 947 498 992 insulae
528 950 698 1003 partem
740 948 786 991 in
816 946 997 992 formam
1029 947 1276 1002 provinciae
1305 947 1525 992 Romanae
1555 959 1624 991 re-

196 1029 390 1086 degerat.

283 1114 481 1158 Alteram
508 1114 743 1168 rationem,
786 1126 863 1158 cur
891 1126 964 1158 res
1005 1113 1060 1158 ab
1090 1114 1295 1171 Agricola
1322 1114 1369 1158 in
1397 1113 1627 1158 Britannia

198 1200 349 1254 gestas
397 1197 644 1242 accuratius
694 1201 739 1241 et
778 1196 956 1241 uberius
987 1198 1259 1242 enarraverit
1288 1198 1489 1251 Tacitus,
1530 1209 1626 1241 eam

198 1278 334 1324 fuisse
364 1280 626 1335 putaverim,
657 1284 708 1325 ut
733 1279 959 1325 fastidium
989 1281 1226 1336 legentium
1254 1279 1478 1337 effugeret.

289 1361 463 1407 Summo
495 1374 626 1417 opere
656 1362 702 1406 id
732 1362 773 1406 ei
799 1362 1012 1418 agendum
1043 1366 1089 1406 et
1118 1363 1380 1408 moliendum
1411 1366 1531 1417 erat,
1576 1366 1627 1406 ut

197 1444 347 1490 libello
378 1458 455 1490 suo
488 1445 824 1490 delectationem
855 1450 1122 1502 aspergeret.

285 1527 476 1572 Primum
522 1528 696 1584 quidem
739 1528 784 1572 id
797 1563 808 1582 ,
853 1528 968 1584 quod
1012 1529 1053 1572 ei
1097 1527 1368 1584 propositum
1411 1531 1532 1582 erat,
1579 1530 1629 1571 ut

200 1621 352 1654 socero
407 1609 551 1654 laudis
595 1613 919 1654 monumentum
968 1611 1159 1665 erigeret
1172 1644 1182 1664 ,
1232 1611 1407 1666 assequi
1452 1623 1500 1654 se
1541 1622 1627 1654 non

199 1704 329 1747 posse
359 1690 600 1746 sentiebat,
643 1692 728 1737 nisi
771 1692 809 1736 si
848 1692 923 1737 isti
968 1691 1117 1736 libello
1161 1693 1349 1748 gratiam
1391 1692 1628 1749 legentium

202 1775 386 1820 concilia
429 1776 577 1820 visset.
656 1775 820 1828 Quodsi
866 1776 1164 1832 displicuisset
1222 1776 1313 1821 vita
1327 1810 1337 1830 ,
1402 1774 1498 1820 fieri
1542 1787 1628 1819 non

198 1860 376 1913 poterat
399 1892 410 1912 ,
462 1858 565 1914 quin
611 1872 638 1903 a
692 1859 842 1914 paucis
888 1859 1109 1915 legeretur
1164 1863 1210 1904 et
1263 1871 1364 1903 mox
1413 1857 1628 1903 oblivione

200 1940 471 1986 obrueretur.

284 2024 453 2069 Deinde
494 2037 597 2069 vero
643 2024 698 2069 ob
739 2038 835 2070 eam
878 2039 971 2071 rem
1015 2027 1198 2071 multum
1228 2026 1371 2071 Taciti
1400 2026 1627 2079 intererat,

197 2110 249 2152 ut
276 2106 522 2163 legentibus
550 2109 747 2163 placeret
777 2109 1004 2165 Agricola,
1048 2109 1151 2164 quia
1178 2108 1295 2162 fore,
1340 2112 1391 2153 ut
1427 2121 1511 2164 quo
1542 2108 1626 2152 iste

197 2188 310 2234 liber
338 2191 497 2235 iudicio
541 2192 811 2237 examinatus
850 2196 991 2247 esset,
1040 2192 1191 2237 eodem
1234 2191 1377 2236 animo
1417 2191 1627 2235 historiae

198 2276 245 2317 et
289 2274 468 2317 annales
513 2275 833 2329 acciperentur,
882 2275 1000 2319 haud
1054 2273 1290 2319 nesciebat.
1379 2273 1626 2329 Agricolam

199 2354 313 2399 enim
341 2356 527 2411 primum
569 2369 677 2413 opus
717 2358 773 2402 ad
803 2357 1058 2403 historicum
1103 2356 1276 2402 dicendi
1317 2369 1452 2413 genus
1493 2355 1627 2411 perti-

197 2450 305 2482 nens
335 2438 474 2483 edidit
503 2443 548 2484 et
578 2453 709 2484 unum
739 2440 833 2485 eius
864 2441 1036 2497 generis
1066 2439 1303 2485 maioribus
1333 2439 1457 2483 libris
1487 2438 1626 2483 histo-

198 2522 301 2567 ricis
332 2523 571 2578 praemisit.
644 2524 797 2581 Itaque
835 2527 966 2580 prout
1006 2524 1226 2580 primitiae
1264 2523 1501 2567 historicae
1533 2535 1625 2567 ces-

198 2604 373 2659 sissent,
404 2604 565 2650 famam
595 2606 754 2651 ceteris
787 2605 882 2658 fore
911 2605 1131 2651 sentiebat
1160 2609 1291 2661 atque
1321 2604 1359 2649 si
1388 2604 1628 2660 placuisset

198 2687 420 2744 Agricola,
461 2686 556 2733 fore
595 2691 647 2734 ut
680 2688 892 2735 historiae
932 2691 979 2734 et
1018 2688 1199 2734 annales
1238 2686 1441 2732 secundis
1470 2686 1626 2732 animis

197 2771 510 2826 acciperentur,
541 2771 608 2815 sin
628 2772 938 2828 displicuisset,
971 2772 1055 2817 sibi
1083 2770 1375 2817 dimicandum
1405 2769 1499 2814 fore
1530 2781 1627 2813 cum
