1807 3200
896 288 950 330 23

210 410 440 466 Romanos,
470 403 700 459 Agricolae
731 402 874 447 omnia
904 406 1084 458 accepta
1113 403 1350 448 referebat:
1382 405 1447 449 ita
1461 405 1635 449 Britan-

210 491 291 535 nia.
313 486 455 532 insula
501 484 787 543 describenda
826 484 1055 539 Agricolae
1100 485 1272 530 laudem
1311 486 1575 531 illustrabat.

296 568 493 623 Denique
535 566 582 610 id
612 566 754 621 egisse
786 565 964 609 Tacitus
993 565 1188 620 videtur,
1236 570 1284 611 ut
1297 601 1307 620 ,
1350 580 1435 622 qua
1464 568 1632 611 ratione

207 654 252 697 in
281 649 518 706 majeribus
551 648 755 704 operibus
785 648 1008 693 historicis
1038 653 1191 704 gentes
1222 654 1267 693 et
1296 654 1440 695 terras
1470 651 1630 695 descri—

207 734 311 780 bere
340 733 558 778 inanimo
598 730 805 785 haberet,
853 731 1072 787 specimen
1112 730 1308 777 omnibus
1337 734 1526 778 numeris
1556 733 1632 778 ab-

208 818 396 863 solutum
426 818 702 871 proponeret.
764 815 876 859 Nam
898 815 943 858 in
962 814 1159 859 historiis
1180 819 1226 859 et
1256 815 1497 870 annalibus,
1527 829 1631 871 quo-

205 900 457 954 tiescunque
486 911 642 943 novam
672 901 718 942 et
747 911 843 942 eam
874 898 1153 954 insigniorem
1187 902 1361 954 gentem
1391 898 1629 952 induceret,

203 986 380 1037 recepto
410 982 527 1026 inter
557 984 729 1025 veteres
759 993 905 1025 rerum
935 981 1172 1036 scriptores
1202 993 1322 1025 more
1353 981 1408 1025 de
1428 994 1481 1025 ea
1500 985 1628 1037 gente

203 1068 250 1109 et
278 1065 372 1110 eius
401 1064 547 1123 patria
576 1062 863 1119 praefandum
894 1062 979 1107 sibi
1009 1062 1101 1108 fore
1124 1063 1241 1108 haud
1261 1063 1497 1123 nesciebat.
1538 1065 1627 1110 Ita-

204 1161 287 1205 que
303 1148 549 1204 plurimum
581 1148 674 1191 eius
705 1148 929 1201 intererat,
961 1150 1023 1201 ut,
1054 1148 1304 1203 placeretne
1328 1161 1394 1202 ea,
1426 1161 1553 1203 quam
1583 1148 1629 1192 in

203 1229 414 1286 fingendis
453 1230 551 1275 istis
583 1229 835 1275 excursibus
865 1230 1140 1285 ingressurus
1155 1234 1312 1285 esset,
1358 1231 1494 1285 ratio,
1543 1244 1626 1276 usu

202 1316 483 1370 cognosceret
513 1317 559 1357 et
590 1313 862 1368 comperiret.

293 1397 584 1442 Transeamus
626 1397 683 1441 ad
723 1409 844 1450 eum,
892 1397 964 1451 qui
997 1397 1096 1441 inde
1140 1410 1167 1441 a
1207 1397 1349 1453 capite
1389 1398 1521 1440 tertio
1553 1397 1624 1441 de-

202 1480 310 1524 cimo
341 1481 560 1536 sequitur,
605 1491 829 1524 excessum
869 1491 942 1523 res
973 1482 1074 1523 aute
1104 1479 1332 1535 Agricolae
1362 1479 1623 1535 legationem

198 1562 243 1605 in
271 1563 499 1608 Britannia
528 1567 677 1618 gestas
707 1561 1011 1606 continentem.
1043 1552 1047 1555 ’

285 1644 383 1689 Non
410 1645 551 1690 minus
582 1657 679 1690 eum
709 1643 766 1689 ad
794 1655 867 1688 res
898 1642 954 1688 ab
984 1643 1190 1700 Agricola
1219 1644 1262 1688 in
1293 1645 1520 1690 Britannia
1548 1658 1621 1701 ge-

199 1732 292 1774 stas
312 1729 628 1785 intellegendas
659 1732 704 1772 et
732 1732 853 1772 recte
884 1728 1180 1773 aestimandas
1209 1731 1502 1774 necessarium
1526 1743 1622 1774 esse

198 1812 449 1867 statuerim,
493 1825 622 1868 quam
650 1812 772 1857 illum
787 1847 798 1866 ,
843 1812 896 1856 de
930 1825 1014 1867 quo
1046 1812 1234 1868 egimus,
1273 1813 1620 1869 geographicum.

196 1895 505 1940 Illustrandum
537 1894 671 1939 fuisse
703 1895 853 1939 Tacito
886 1908 982 1939 eum
1001 1895 1254 1944 Britanniae
1285 1900 1463 1950 statum,
1495 1909 1622 1952 quem

196 1980 411 2035 Agricola,
443 1993 538 2024 cum
568 1980 833 2035 provinciam
863 1980 1102 2034 acciperet,
1133 1981 1359 2035 invenerit,
1390 1985 1622 2036 antequam

195 2075 267 2107 res
298 2061 353 2108 ab
384 2075 435 2108 eo
466 2062 527 2107 ibi
556 2067 705 2119 gestas
736 2065 984 2116 enarraret,
1026 2063 1125 2118 quis
1166 2067 1235 2108 est
1264 2063 1366 2119 quin
1398 2063 1619 2109 concedat.

194 2144 345 2201 Neque
375 2145 488 2188 enim
511 2141 608 2190 'ulla
638 2146 725 2190 alia
745 2145 915 2190 ratione
938 2146 1114 2201 assequi
1135 2145 1308 2190 videtur
1328 2147 1539 2201 potuisse,
1573 2152 1620 2191 ut

195 2229 247 2283 ei,
271 2229 342 2285 qui
364 2228 522 2273 librum
538 2230 745 2285 legerent,
764 2243 875 2286 quae
898 2230 1099 2286 Agricola
1119 2231 1164 2274 in
1180 2230 1525 2276 administranda
1544 2235 1620 2277 aut

194 2311 433 2367 subigenda
463 2313 605 2357 insula
638 2313 817 2357 consilia
848 2299 1063 2368 cepisset,
1108 2325 1256 2356 eorum
1296 2314 1488 2358 rationes
1518 2327 1616 2369 per-

194 2393 388 2449 ciperent
418 2397 463 2439 et
493 2395 808 2451 intellegerent.
863 2395 924 2438 Ac
944 2393 1083 2438 multa
1114 2392 1310 2438 conferre
1341 2407 1406 2447 ea,
1438 2394 1492 2439 de
1523 2396 1616 2450 qui-

191 2474 273 2519 bus
305 2477 495 2532 agimus,
537 2477 724 2533 quinque
765 2476 910 2532 capita
940 2475 997 2520 ad
1026 2475 1333 2519 illustrandum
1363 2476 1495 2520 istum
1527 2481 1617 2523 sta-

192 2562 283 2604 tum
313 2558 441 2604 facile
471 2561 751 2616 intellegitur.

282 2640 450 2686 Deinde
504 2655 607 2687 vero
619 2653 628 2685 .·
658 2641 819 2686 idcirco
879 2652 951 2685 res
1006 2653 1033 2685 a
1075 2639 1292 2696 prioribus
1338 2640 1521 2687 ducibus
1574 2644 1618 2689 in

189 2723 418 2769 Britamiia
454 2728 605 2781 gestae
646 2724 727 2772 sub
769 2735 901 2769 unum
940 2723 1067 2780 quasi
1098 2726 1378 2777 conspectum
1408 2725 1614 2770 Romanis

191 2805 466 2852 subiciendae
498 2812 641 2862 erant,
682 2812 732 2851 ut
762 2806 1071 2862 comparando,
1114 2809 1382 2862 quantopere
1412 2809 1615 2864 Agricola
