1807 3200
874 301 901 341 8

260 416 380 468 Quae
410 427 508 460 cum
537 415 602 461 ita
645 415 734 459 sint
747 449 758 469 ,
802 415 902 460 istis
947 415 1064 460 vitae
1103 413 1304 471 partibus
1343 413 1599 460 enarrandis

171 497 370 542 Tacitum
400 483 447 542 id
477 497 593 553 quod
623 499 766 542 animo
795 497 1072 551 intendebat,
1113 501 1164 542 ut
1192 498 1440 554 Agricolam
1469 496 1599 542 laude

169 580 420 635 decoraret,
453 582 628 637 assequi
658 594 745 625 non
773 582 969 637 potuisse
999 584 1196 636 apparet.

260 663 319 705 At
349 666 503 707 contra
530 664 575 706 in
605 663 750 708 media
780 664 897 707 vitae
927 667 1054 719 parte
1085 662 1338 708 felicissima
1368 664 1409 707 ei
1439 663 1495 707 ad
1526 675 1598 707 ex-

170 744 408 789 ornandam
439 745 579 789 soceri
608 746 791 801 gloriam
821 745 1008 790 facultas
1039 745 1145 790 data
1173 749 1271 789 erat
1310 748 1441 800 atque
1473 744 1599 789 uber-

171 827 283 871 rima
314 827 374 880 ad
400 827 686 872 illustrandas
718 829 813 872 eius
842 829 1027 872 virtutes
1057 827 1244 872 materia
1274 826 1435 872 oblata.

258 910 318 953 Et
348 908 454 954 belli
483 914 530 954 et
558 910 680 966 pacis
711 923 921 955 summam
952 910 1036 955 sibi
1056 910 1230 955 laudem
1249 910 1295 953 in
1315 922 1368 953 ea
1382 909 1600 966 legatione

169 993 375 1049 Agricola
402 997 651 1049 paraverat.

259 1077 326 1120 Ex
354 1076 513 1121 bellica
543 1078 672 1122 laude
704 1078 761 1122 ad
790 1078 954 1132 primos
985 1079 1174 1122 omnium
1205 1081 1448 1132 temporum
1468 1076 1601 1121 duces

172 1160 455 1215 aspiraverat.
535 1160 822 1216 Disciplinam
865 1160 1099 1205 militarem
1144 1160 1200 1205 ad
1244 1160 1413 1216 priscos
1456 1171 1601 1204 mores

170 1243 403 1299 redegerat
433 1246 565 1299 atque
596 1244 763 1288 animos
792 1244 978 1287 militum
1010 1244 1066 1288 ad
1095 1243 1272 1288 virtutis
1302 1255 1493 1287 amorem
1513 1242 1601 1287 for-

169 1326 486 1381 titudinemque
515 1326 770 1371 incenderat
800 1330 845 1370 et
876 1327 943 1370 sui
974 1326 1165 1371 studium
1196 1330 1242 1370 et
1270 1325 1602 1370 admirationem

173 1408 237 1452 eis
267 1408 491 1453 iniecerat.

259 1489 456 1534 Naturae
485 1490 757 1545 malignitate
786 1491 904 1535 victa
933 1503 984 1535 ac
1015 1489 1234 1545 superatis
1255 1489 1446 1534 hostium
1466 1489 1603 1545 copiis

174 1586 270 1618 cum
301 1573 495 1617 exercitu
535 1573 695 1618 invicto
726 1574 897 1629 imperii
935 1572 1044 1618 fines
1082 1573 1216 1618 latius
1244 1573 1290 1616 in
1320 1572 1415 1617 dies
1445 1584 1603 1628 propa-

172 1659 366 1711 gaverat.
451 1656 691 1700 Praesidiis
734 1656 1014 1710 castellisque
1062 1655 1232 1699 idoneis
1276 1656 1385 1699 locis
1426 1654 1603 1699 munitis

172 1738 425 1784 firmaverat
455 1751 530 1793 ea,
564 1751 675 1794 quae
704 1737 821 1783 bello
852 1742 1041 1794 ceperat.

263 1823 348 1867 Tot
376 1824 599 1879 tantisque
628 1823 822 1868 victoriis
852 1823 1091 1878 reportatis
1117 1834 1253 1878 usque
1284 1822 1341 1867 ad
1370 1822 1490 1877 ipsos
1506 1821 1604 1866 Bri-

174 1906 351 1950 tanniae
388 1904 498 1950 fines
552 1918 812 1961 progressus
858 1905 1075 1949 exercitus
1119 1905 1310 1949 hostium
1353 1904 1626 1960 coniunctos,

174 1993 478 2046 prostraverat
505 2002 556 2034 ac
586 1993 725 2033 totam
755 1989 942 2033 insulam
979 1987 1225 2044 subegerat.
1286 1987 1473 2043 Magnae
1502 2000 1603 2043 pro-

173 2071 289 2116 fecto
335 2075 381 2115 et
421 2074 664 2115 memoratu
708 2071 864 2126 dignae
903 2070 1070 2115 laudes.
1144 2069 1375 2126 Augebant
1404 2069 1606 2114 bellicam

175 2156 269 2200 eius
313 2155 498 2211 gloriam
543 2155 690 2199 clades
731 2155 820 2198 illis
861 2152 1128 2209 temporibus
1158 2154 1203 2197 in
1234 2153 1421 2207 Moesia,
1453 2154 1604 2208 Dacia,

175 2238 411 2282 Germania
440 2241 647 2293 acceptae
679 2236 1030 2293 comparantibus
1071 2237 1237 2281 cunctis
1279 2237 1606 2292 imperatoriam

174 2320 293 2364 illius
324 2320 531 2363 virtutem
574 2322 620 2362 et
662 2324 887 2374 expertum
925 2319 1055 2363 bellis
1086 2319 1275 2363 animum
1321 2332 1417 2363 cum
1446 2319 1606 2363 inertia

175 2406 221 2446 et
250 2402 473 2458 imperitia
504 2405 748 2447 ceterorum
779 2402 947 2447 ducum.

264 2486 356 2530 Nec
400 2486 612 2530 minorem
651 2485 734 2530 sibi
774 2486 948 2531 laudem
987 2488 1221 2541 paraverat
1259 2485 1380 2540 pacis
1423 2483 1605 2531 artibus.

177 2569 368 2613 Invictas
398 2568 515 2613 bello
547 2569 747 2613 nationes
778 2569 989 2614 societate
1013 2572 1058 2613 et
1087 2567 1263 2612 foedere
1294 2566 1379 2613 sibi
1408 2568 1609 2615 iunxerat

179 2665 230 2695 ac
260 2651 354 2695 sine
384 2652 476 2696 ulla
516 2651 793 2695 dimicatione
835 2652 880 2695 in
921 2651 1185 2696 deditionem
1225 2655 1468 2706 acceperat.
1501 2651 1606 2696 ‚Eis

177 2746 288 2789 quae
330 2733 512 2789 imperio
550 2734 700 2790 populi
744 2735 927 2779 Romani
970 2733 1192 2779 subiectae
1241 2737 1391 2788 erant,
1438 2733 1609 2779 iustitia

178 2830 228 2863 ac
262 2817 560 2862 moderatione
592 2818 893 2874 sapientiaque
933 2818 1079 2874 iugum
1108 2817 1333 2864 servitutis
1373 2817 1607 2863 levaverat.
