1807 3200
870 279 921 323 15

177 403 295 451 tione
308 417 319 455 ‚·
361 404 412 446 ut
442 398 628 444 orationi
658 410 763 443 suae
794 397 1059 444 immisceret
1074 380 1159 443 vres
1190 400 1245 443 ad
1272 400 1498 445 historiam
1529 414 1605 455 po-

179 486 267 531 tius
297 493 425 541 quam
454 482 589 526 vitam
621 480 922 536 pertinentes?
1002 480 1062 524 At
1106 485 1256 528 contra
1301 482 1345 525 in
1391 483 1608 538 legatione

178 566 431 611 Britannica
459 562 723 608 illustranda
753 561 959 606 facillime
990 563 1031 605 ei
1053 563 1249 607 accidere
1270 565 1426 618 potuit,
1456 570 1507 609 ut
1535 579 1608 610 res

119 697 124 702 ,
181 649 238 694 ad
278 647 539 692 domandam
579 645 727 701 potius
762 643 1034 688 Britanniam
1075 644 1345 699 pertinentes
1384 659 1512 702 quam
1553 648 1609 692 ad

179 731 319 776 soceri
348 731 482 774 vitam
512 729 557 772 in
587 727 775 772 medium
807 739 855 770 se
885 724 1084 781 proferre
1115 739 1200 770 non
1231 729 1427 772 sentiret.
1497 730 1608 774 Nam

180 824 459 870 quaecunque
501 810 556 855 de
597 808 838 865 subigenda
881 808 1024 853 insula
1064 813 1317 864 narrantur,
1363 811 1514 856 eadem
1551 812 1607 857 ad

178 897 312 941 vitam
343 896 451 949 eius,
484 894 558 949 qui
587 892 762 948 subegit
792 905 902 945 earn,
934 892 1168 947 pertinent.

266 976 390 1030 Quod
430 976 587 1021 deinde
628 975 877 1032 languidam
919 987 1016 1020 esse
1047 975 1169 1019 illam
1200 976 1529 1031 explicationem
1562 983 1608 1022 et

178 1062 223 1105 in
252 1074 337 1117 qua
367 1060 644 1116 acquiescere
674 1072 760 1103 non
781 1058 931 1113 libeat,
963 1057 1217 1113 arbitratur,
1251 1060 1449 1115 equidem
1476 1074 1607 1116 quae-

178 1156 343 1199 cunque
374 1142 592 1187 offendere
623 1143 667 1186 in
698 1143 789 1186 vita
820 1141 1065 1190 enarranda
1095 1142 1347 1205 videantur,
1380 1157 1433 1188 ea
1464 1146 1608 1190 omnia

175 1226 262 1270 ista
290 1225 460 1270 ratione
492 1229 590 1269 orta
619 1237 717 1269 esse
748 1238 831 1269 non
864 1225 1108 1279 statuerim,
1141 1225 1219 1269 sed
1249 1229 1395 1270 tamen
1426 1240 1606 1282 prorsus

176 1320 271 1352 eam
301 1308 565 1353 reiciendam
596 1321 694 1352 esse
724 1309 841 1352 nullo
874 1311 1002 1363 pacto
1034 1309 1333 1352 concesserim.

265 1392 463 1437 Tacitum
492 1395 595 1436 tunc
625 1392 808 1447 primum
841 1405 868 1436 a
898 1392 1041 1436 causis
1073 1392 1253 1447 agendis
1283 1393 1339 1437 ad
1375 1393 1604 1439 historiam

177 1474 531 1519 conscribendam
570 1475 846 1519 accedentem
888 1474 931 1517 in
972 1475 1216 1518 enarranda
1246 1476 1474 1530 Agricolae
1514 1478 1605 1521 vita

174 1557 305 1613 longe
336 1557 499 1602 afuisse
530 1557 586 1602 ab
617 1571 673 1601 ea
701 1558 910 1601 orationis
942 1557 1177 1601 historicae
1208 1558 1425 1613 elegantia
1456 1562 1502 1602 et
1532 1572 1605 1603 ex-

174 1640 395 1694 politione,
429 1654 514 1696 qua
545 1642 761 1684 emineant
791 1644 836 1683 et
866 1641 1082 1684 excellant
1102 1641 1312 1684 historiae
1334 1645 1379 1684 et
1409 1642 1602 1697 annales,

175 1726 348 1768 constat
392 1723 507 1768 inter
545 1723 740 1768 homines
782 1724 947 1769 doctos.
1023 1724 1177 1779 Itaque
1223 1725 1386 1769 nullam
1426 1739 1600 1771 causam

172 1804 321 1860 video,
365 1819 442 1851 cur
472 1806 718 1862 Agricolam
757 1806 979 1861 perfectae
1023 1809 1068 1850 et
1110 1805 1337 1851 absolutae
1368 1808 1477 1852 artis
1507 1807 1601 1852 bio-

173 1889 406 1943 graphicae
438 1891 655 1945 specimen
693 1889 939 1934 habendum
980 1902 1064 1932 non
1095 1902 1193 1933 esse
1226 1894 1421 1934 statuere
1452 1904 1602 1935 verea-

172 1981 292 2023 mur,
338 1982 419 2014 nec
457 1970 664 2015 nonnulla
694 1982 855 2024 eorum,
887 1982 997 2025 quae
1029 1972 1105 2014 aut
1136 1982 1162 2014 a
1192 1969 1283 2014 vita
1312 1982 1493 2026 prorsus
1524 1970 1600 2015 ab·

173 2051 353 2098 horrere
384 2052 461 2099 aut
490 2054 554 2099 ita
585 2058 837 2109 comparata
866 2066 963 2098 esse
993 2053 1242 2106 videantur,
1273 2058 1323 2098 ut
1351 2055 1498 2109 potius
1528 2068 1600 2101 res

172 2135 448 2182 Britannicas
479 2150 608 2193 quam
637 2137 771 2182 vitam
801 2136 1030 2193 Agricolae
1061 2136 1304 2191 illustrent,
1337 2150 1390 2181 ex
1420 2150 1472 2181 eo
1503 2141 1601 2183 orta

172 2233 269 2265 esse
300 2221 445 2266 dicere
479 2221 789 2275 dubitaverim,
822 2221 936 2276 quod
969 2221 1147 2265 Tacitus
1178 2221 1298 2275 leges
1326 2220 1444 2265 vitae
1475 2234 1599 2265 enar-

169 2304 330 2348 rationi
359 2305 654 2360 praescriptas
674 2303 866 2348 laeserit.
927 2302 1143 2347 Libellum
1165 2315 1289 2347 suum
1309 2315 1394 2346 non
1416 2302 1599 2347 liberum

170 2398 267 2432 esse
309 2386 364 2433 ab
410 2387 607 2434 omnibus
651 2387 769 2433 vitiis
811 2387 906 2444 ipse
948 2385 1122 2431 videtur
1163 2385 1353 2431 sensisse
1385 2389 1514 2442 atque
1545 2399 1598 2432 ea

171 2465 223 2513 ex
253 2483 302 2515 re
333 2484 479 2515 vocem
509 2471 774 2515 inconditam
806 2483 856 2515 ac
887 2470 1039 2514 rudem
1070 2469 1214 2524 capite
1255 2469 1386 2512 tertio
1417 2481 1595 2514 excusa—

167 2553 295 2597 visse.
370 2554 646 2610 Quantopere
692 2557 838 2598 autem
876 2553 1122 2608 imperitiae
1163 2565 1267 2597 suae
1309 2564 1360 2596 ac
1388 2551 1595 2598 ruditatis

169 2632 253 2677 sibi
312 2636 509 2680 conscius
564 2635 719 2690 fuerit,
783 2636 1125 2680 luculentissime
1180 2637 1363 2690 apparet
1419 2646 1471 2677 ex
1529 2647 1594 2690 eo,

169 2715 284 2770 quod
323 2718 368 2762 in
411 2719 704 2774 componendo
746 2718 895 2763 libello
938 2719 1180 2774 complures
1223 2718 1460 2773 scriptores
1499 2719 1595 2763 imi-

168 2799 290 2842 tatus
321 2803 452 2856 atque
499 2814 646 2846 eorum
691 2802 876 2857 vestigia
921 2801 1038 2846 haud
1083 2814 1183 2845 raro
1225 2813 1376 2855 presse
1423 2805 1600 2847 secutus
