1807 3200
913 281 936 319 5

170 410 174 414 ·
202 396 334 453 digna
364 395 658 447 existimaret,
690 393 762 448 pio
798 379 941 437 animo
971 395 1103 448 atque
1134 405 1303 446 summa
1331 391 1418 438 fide
1448 405 1625 438 enarra-

200 481 282 522 ret.
344 477 469 530 Quod
496 476 725 520 Andresen
754 474 834 519 sub
865 473 993 519 finem
1023 475 1137 529 eius,
1187 476 1309 520 cuius
1350 476 1479 520 inieci
1508 489 1627 520 men-

199 561 384 614 tionem,
417 558 740 603 dissertationis
770 556 958 613 probare
989 558 1159 603 studuit
1189 559 1387 603 Tacitum
1417 571 1502 603 non
1533 559 1629 604 sola

198 642 365 698 pietate
404 641 462 686 ad
502 641 637 686 vitam
666 640 897 696 Agricolae
939 641 1278 696 componendam
1308 642 1485 686 ductum
1515 654 1627 695 esse,

198 724 277 769 sed
307 724 440 769 etiam
469 737 522 769 ea
551 724 741 777 ratione,
772 727 822 767 ut
852 736 1050 768 socerum
1080 724 1288 779 optimam
1317 725 1362 768 in
1385 738 1435 769 re
1452 723 1628 779 publica

195 806 309 851 viam
339 809 536 852 secutum
565 819 663 851 esse
693 806 901 851 Romanis
929 805 1138 862 probaret
1168 809 1214 851 et
1228 840 1239 861 ‚
1270 806 1376 863 quid
1403 806 1498 862 ipse
1529 819 1627 851 sen-

194 888 302 933 tiret
319 890 386 933 'de
416 902 465 933 re
495 888 691 945 publica,
723 889 989 944 illustraret,
1033 890 1271 934 coniecisse
1309 890 1356 934 id
1385 891 1532 945 potius
1561 890 1624 933 vi-

196 972 325 1018 detur
364 986 494 1029 quam
554 973 937 1019 demonstravisse.
1022 973 1284 1020 Probavisse
1327 974 1525 1020 Tacitum
1572 987 1626 1019 ex

196 1054 328 1098 animi
357 1055 577 1099 sententia
616 1055 757 1099 soceri
788 1056 969 1100 consilia
998 1056 1064 1100 rei
1092 1055 1293 1112 publicae
1331 1056 1625 1112 capessendae

195 1149 246 1181 ac
289 1137 520 1196 nonnullis
535 1138 765 1194 Agricolae
806 1138 935 1193 locis,
982 1139 1087 1195 quid
1127 1139 1222 1194 ipse
1265 1139 1320 1183 de
1363 1151 1411 1183 re
1449 1137 1625 1195 publica

194 1218 403 1273 sentiret,
446 1217 714 1275 significasse
756 1223 950 1274 constat,
996 1233 1136 1277 neque
1166 1205 1313 1266 tamen
1342 1221 1420 1265 illa
1449 1233 1547 1265 eum
1578 1221 1623 1263 in

195 1300 425 1348 scribendo
455 1301 567 1346 libro
597 1302 768 1346 ratione
798 1302 975 1347 ductum
1004 1316 1102 1348 esse
1128 1304 1385 1359 putaverim,
1417 1302 1496 1348 sed
1523 1302 1623 1347 ideo

193 1382 340 1439 potius
369 1383 479 1428 illud
507 1382 667 1429 fecisse
696 1384 888 1438 videtur,
920 1384 1021 1440 quia
1049 1398 1122 1430 res
1151 1386 1216 1431 ita
1245 1384 1429 1430 ferebat.

278 1467 372 1512 Iam
402 1467 459 1511 ad
483 1480 594 1522 eam,
624 1481 752 1524 quam
773 1468 1023 1514 solvendam
1052 1469 1159 1513 mihi
1175 1470 1383 1525 proposui
1401 1468 1620 1525 quaestio-

190 1561 311 1603 nem,
344 1549 561 1594 accedam.

281 1631 405 1686 Quod
436 1632 588 1677 Tacito
632 1632 903 1688 propositum
948 1636 1045 1678 erat
1086 1633 1131 1677 in
1160 1632 1454 1689 componendo
1491 1630 1619 1686 libro,

190 1719 240 1762 ut
270 1716 410 1761 soceri
440 1715 594 1761 laudes
635 1716 882 1761 illustraret
911 1720 957 1761 et
987 1715 1252 1770 celebraret,
1288 1716 1335 1761 id
1363 1716 1620 1761 enarrandis

188 1798 305 1843 vitae
335 1796 535 1854 partibus
565 1798 830 1854 legationem
859 1798 1114 1844 Britanniae
1146 1797 1427 1855 sequentibus
1466 1801 1513 1843 et
1542 1810 1618 1842 an-

187 1881 492 1927 tecedentibus
523 1894 620 1927 eum
651 1882 771 1927 nullo
801 1883 930 1927 modo
960 1883 1134 1940 assequi
1163 1883 1360 1939 potuisse
1388 1895 1475 1927 non
1504 1881 1617 1927 diffi-

188 1964 270 2009 cile
303 1968 373 2010 est
402 1965 460 2010 ad
491 1965 887 2010 demonstrandum.
960 1981 962 1984 ·

274 2046 489 2092 Educatio
520 2046 752 2103 Agricolae
798 2051 844 2092 et
872 2048 1013 2111 prima
1042 2048 1200 2093 militia
1228 2047 1322 2092 fere
1352 2046 1505 2093 eadem
1535 2045 1619 2091 fuit

186 2132 318 2186 atque
349 2129 538 2174 omnium
558 2142 791 2185 puerorum
811 2130 995 2175 honesto
1014 2131 1109 2176 loco
1127 2133 1328 2175 natorum
1357 2142 1438 2174 nec
1468 2129 1619 2185 depin-

183 2213 337 2269 gendis
350 2213 415 2258 eis
445 2213 597 2257 laudes
610 2212 706 2258 eius
725 2215 925 2258 exornari
940 2215 1136 2271 potuisse
1160 2226 1240 2269 per
1258 2226 1306 2257 se
1336 2213 1621 2269 intellegitur·

272 2296 384 2341 Fere
413 2296 530 2341 idem
559 2295 838 2342 iudicandum
867 2300 938 2342 est
968 2298 1022 2343 de
1061 2298 1201 2354 primo
1230 2296 1442 2342 honorum
1472 2308 1615 2341 cursu.

187 2380 312 2434 Quod
341 2384 549 2438 quaestor
579 2380 803 2437 largitioni
824 2385 955 2439 atque
981 2381 1208 2427 libidinum
1236 2379 1457 2425 illecebris
1485 2382 1616 2427 resti·

184 2464 263 2521 tit,
310 2464 395 2510 etsi
442 2462 663 2510 laudabile
711 2463 819 2519 fuit,
865 2468 1012 2511 tamen
1063 2466 1109 2510 in
1154 2464 1325 2511 meritis
1373 2468 1617 2511 memoratu

178 2546 328 2603 >dignis
358 2547 601 2592 ducendum
629 2559 716 2591 non
746 2550 865 2601 erat;
910 2547 1003 2593 fere
1033 2548 1210 2593 nimium
1249 2546 1384 2591 fuisse
1415 2546 1615 2592 Tacitum

182 2630 227 2675 in
257 2628 451 2675 ornanda
487 2629 576 2674 ista
617 2627 884 2676 abstinentia
923 2634 1054 2688 atque
1093 2629 1347 2687 integritate
1384 2628 1561 2674 Urlichs
1579 2628 1613 2686 ¹)

258 2747 294 2794 1)
320 2746 602 2785 Commentatio
625 2746 673 2785 de
697 2746 782 2786 vita
805 2750 846 2786 et
870 2749 1078 2788 honoribus
1105 2748 1319 2796 Agricolae.
1368 2746 1615 2792 Wirooburgi

184 2807 289 2845 1868.
315 2821 353 2856 p.
382 2810 438 2846 13.
