1807 3200
867 300 924 350 30

171 427 305 472 etiam
335 431 468 482 atque
509 423 643 469 etiam
681 411 960 470 celebrantur
1005 425 1229 481 (universi
1268 422 1494 470 servitutis
1511 432 1606 470 ‘'ex-

175 504 327 566 pertes
358 544 367 553 .
399 544 407 552 .
442 543 451 552 .
484 507 586 564 quia
629 506 889 553 nobilissimi
926 506 1064 552 totius
1100 506 1355 553 Britanniae
1394 519 1531 565 eoque
1562 507 1607 553 in

173 592 281 647 ipsis
313 589 612 646 penetralibus
654 590 729 634 siti
763 602 843 634 nec
875 589 1156 634 servientium
1184 589 1318 635 litora
1347 591 1608 646 aspicientes

175 676 323 720 oculos
363 687 531 731 quoque
572 688 598 719 a
639 678 843 719 contactu
874 673 1181 719 dominationis
1211 674 1443 720 inviolatos
1471 673 1605 719 habe-

174 759 329 804 bamus
362 793 372 802 .
406 792 416 802 .
451 792 459 802 .
495 792 504 801 .
535 757 676 802 virtus
716 771 847 814 porro
869 759 928 802 ‘ac
959 757 1119 802 ferocia
1151 791 1161 801 .
1281 757 1436 814 quibus
1467 758 1607 815 gloria

176 843 404 887 carissima
436 844 505 885 est
537 875 546 884 .
582 875 590 884 .
625 875 634 884 .
669 875 678 885 .
711 842 871 897 integri
902 845 947 885 et
976 841 1222 898 indomiti').

260 923 459 979 Denique
501 922 623 967 nulla
663 922 887 967 Britannis
927 923 971 967 in
1012 922 1115 979 fuga
1155 936 1256 979 spes
1296 924 1452 969 relicta
1485 928 1604 970 erat:

177 1011 255 1051 aut
293 1007 497 1055 victorina
518 1006 833 1060 gloriosissima
870 1007 1136 1061 reportanda
1177 1011 1273 1051 erat
1313 1011 1389 1052 aut
1419 1009 1606 1053 servitus

173 1090 476 1146 indignissima
518 1087 765 1142 subeunda,
809 1092 939 1144 atque
981 1102 1054 1143 ea,
1097 1102 1207 1145 quae
1248 1090 1474 1136 carissima
1505 1079 1608 1137 sunt

171 1170 441 1224 hominibus,
484 1170 799 1214 defendebant:
844 1170 1108 1224 libertatem,
1140 1172 1342 1226 patriam,
1382 1179 1603 1227 parentes,

170 1267 351 1308 uxores,
392 1254 555 1298 liberos
588 1253 928 1309 (‘necessitatem
959 1258 1152 1298 nostram
1184 1288 1194 1298 .
1228 1288 1237 1298 .
1270 1289 1278 1298 .
1308 1255 1454 1300 nullae
1488 1255 1606 1301 ultra

169 1343 316 1384 terrae
348 1352 399 1383 ac
415 1346 483 1382 ‘ne
513 1351 634 1382 mare
666 1337 838 1393 quidem
870 1350 1069 1382 securum
1102 1371 1109 1379 .
1143 1372 1153 1381 .
1188 1371 1197 1381 .
1228 1339 1441 1394 proelium
1471 1343 1602 1396 atque

171 1435 317 1475 arma,
363 1433 472 1476 quae
505 1419 692 1464 fortibus
722 1419 930 1473 honesta,
973 1420 1125 1464 eadem
1165 1421 1297 1465 etiam
1336 1421 1503 1477 ignavis
1532 1425 1602 1466 tu-

170 1505 341 1549 tissima
372 1507 475 1547 sunt
507 1537 516 1546 .
542 1538 551 1546 .
577 1538 585 1546 .
614 1538 622 1546 .
655 1504 867 1547 terminus
897 1503 1151 1547 Britanniae
1182 1507 1325 1559 patet,
1366 1491 1486 1549 nulla
1515 1505 1601 1549 iam

169 1588 287 1632 ultra
318 1599 449 1643 gens,
491 1586 599 1630 nihil
640 1586 724 1630 nisi
763 1584 920 1630 fluctus
950 1589 995 1629 et
1026 1598 1132 1630 saxa
1162 1589 1208 1630 et
1236 1585 1485 1631 infestiores
1514 1586 1600 1630 Ro-

168 1670 308 1723 mani,
346 1682 528 1725 quorum
560 1668 808 1723 superbiam
841 1668 1006 1713 frustra
1036 1682 1116 1723 per
1146 1662 1399 1724 obsequium
1429 1682 1481 1713 ac
1509 1682 1600 1713 mo-

171 1751 359 1797 destiam
412 1750 664 1808 effugeris’).
726 1751 893 1796 Eodem
939 1751 1124 1807 denique
1174 1751 1367 1807 pertinet
1415 1752 1602 1797 servitus

169 1836 355 1880 maxime
385 1835 577 1879 horridis
609 1834 836 1879 coloribus
862 1835 1049 1890 depicta.
1167 1833 1170 1835 ’

256 1918 484 1962 Postremo
530 1917 603 1972 qui
644 1916 710 1960 vir
750 1920 796 1960 et
834 1921 1021 1972 quantus
1062 1916 1194 1961 fuerit
1233 1915 1467 1973 Calgacus,
1514 1918 1601 1964 ista

168 1999 365 2043 oratione
399 1998 653 2051 edocemur;
699 1997 894 2042 videmus
936 1998 1161 2043 ardentem
1191 1998 1362 2054 patn‘ae
1393 2003 1439 2044 et
1467 1998 1600 2045 liber-

166 2082 274 2126 tatis
306 2094 511 2135 amorem,
544 2079 872 2131 acerbissimum
899 2081 1190 2127 Romanorum
1220 2082 1380 2137 odium,
1411 2083 1600 2128 animum

167 2164 424 2209 indomitum
455 2167 587 2220 atque
618 2163 895 2219 impavidum.

255 2247 417 2292 Contra
448 2260 515 2300 ea,
547 2260 658 2302 quae
689 2247 735 2290 in
766 2247 958 2291 exercitu
984 2247 1177 2291 Romano
1208 2246 1427 2293 imbecilla
1457 2253 1596 2304 erant,

164 2331 507 2375 luculentissime
537 2331 838 2375 illustrantur:
870 2330 1069 2386 paucitas
1099 2330 1283 2375 militum
1315 2332 1371 2388 (c.
1390 2335 1445 2376 32
1477 2335 1597 2389 ‘pau-

165 2427 238 2460 cos
256 2414 485 2471 numero'),
517 2414 711 2459 locorum
731 2414 978 2471 ignorantia
1009 2412 1234 2470 (‘locorum
1253 2415 1449 2470 trepidos
1478 2416 1599 2473 igno-

163 2499 309 2543 rantia
351 2499 519 2543 caelum
560 2499 700 2553 ipsum
742 2512 794 2543 ac
834 2511 954 2542 mare
996 2502 1042 2542 et
1081 2498 1236 2551 silvas,
1276 2498 1425 2554 ignota
1456 2500 1599 2544 omnia

166 2580 630 2638 circumspectantes’),
663 2579 865 2637 ambigua
894 2579 1151 2625 auxiliorum
1167 2577 1277 2624 fides
1307 2580 1467 2638 (‘quem
1498 2594 1598 2627 con-

163 2668 353 2709 tractum
395 2678 447 2708 ex
488 2664 798 2708 diversissimis·
835 2663 1038 2720 gentibus
1082 2667 1132 2707 ut
1172 2664 1389 2709 secundae
1428 2678 1501 2710 res
1531 2669 1597 2710 te-

161 2750 280 2802 nent,
313 2747 377 2792 ita
408 2747 619 2792 adversae
653 2746 908 2792 dissolvent'
941 2759 1040 2803 eqs3
1074 2746 1132 2790 ‘in
1162 2745 1260 2802 ipsa
1283 2745 1473 2793 hostium
1505 2747 1599 2793 acie

162 2830 430 2875 inveniemus
461 2831 635 2875 nostras
665 2831 832 2876 manus'
865 2832 974 2887 eqs).
