1807 3200
875 284 933 333 32,
949 296 961 317 -·

193 403 336 454 esset,
386 399 497 445 adeo
543 402 593 443 ut
636 412 846 445 excusare
864 432 867 434 -
886 413 1042 446 vocem
1065 398 1344 459 *inconditam
1383 413 1434 445 ac
1456 399 1625 446 rudem

191 497 278 528 non
309 482 645 540 dedignaretur,
685 480 781 527 fieri
811 496 912 528 non·
926 495 1057 540 posse
1088 472 1355 538 confidebat,
1391 483 1506 540 quin·
1524 495 1643 533 ora->

190 568 332 611 tiones
374 566 644 611 enarrationi
684 566 878 612 intextae
919 564 1116 612 omnibus
1160 566 1353 612 numeris
1392 565 1621 613 absolutae

191 654 239 695 et
267 650 423 705 plenae
453 649 759 695 delectationis
790 650 1055 696 viderentur.
1102 666 1104 668 ·

276 731 442 776 Eadem
472 731 657 786 ratione,
692 746 769 776 cur
797 736 888 777 tam
919 732 1073 788 longus
1088 730 1282 776 fueritin
1298 731 1398 776 istis
1413 731 1620 776 orationi-

185 813 269 860 bus
300 815 621 871 componendis,
652 815 907 872 explicatur.

280 898 421 942 Aliam
461 902 508 942 et
548 911 645 943 eam
685 899 810 943 valde
854 896 1124 954 probabilem
1163 898 1292 943 istius
1337 899 1618 955 longitudinis

193 980 523 1035 explicationem
556 981 673 1036 apud
698 980 1007 1037 Urlichsium¹)
1039 980 1195 1035 inveni,
1226 982 1348 1026 cuius
1378 979 1524 1026 verbis
1554 979 1619 1027 af-

192 1063 384 1110 ferendis
414 1064 700 1122 disputationi
730 1078 853 1110 meae
883 1063 1011 1109 finem
1051 1064 1271 1121 imponere
1314 1064 1467 1111 liceat:
1510 1067 1621 1110 ‘cum

190 1148 305 1191 enim
344 1160 480 1203 usque
519 1148 575 1193 ad
616 1152 863 1203 susceptam
903 1148 1157 1193 Britanniae
1197 1148 1618 1213 administrationem

187 1229 382 1274 narratio
412 1230 726 1286 properaverit,
758 1230 801 1273 in
826 1228 1174 1286 expeditionibus
1194 1229 1421 1286 Agricolae
1453 1228 1615 1276 descri-

184 1311 339 1358 bendis
379 1314 629 1358 remissiore
660 1326 789 1358 cursu
819 1313 1108 1369 processerit,
1148 1314 1193 1356 in
1234 1313 1418 1363 culmine
1448 1312 1613 1368 gloriae

186 1398 317 1450 atque
350 1394 492 1439 laudis
522 1395 586 1438 ita
617 1394 887 1449 immoratur,
920 1398 971 1440 ut
1000 1395 1126 1450 quasi
1155 1394 1292 1439 invita
1321 1394 1423 1439 inde
1454 1394 1509 1439 ad
1541 1407 1613 1438 ex-

187 1478 295 1523 itum
325 1477 408 1521 viri
439 1478 601 1534 egregii
634 1491 684 1523 ac
716 1478 1053 1523 dominationem
1079 1478 1376 1523 saevissimam
1406 1477 1615 1534 principis

184 1561 450 1606 descendat.'

260 1701 297 1749 1)
323 1701 605 1740 Commentatio
631 1703 677 1740 de
702 1701 786 1740 vita
811 1704 852 1740 et
875 1702 1084 1740 honoribus
1112 1703 1325 1751 Agricolae.
1367 1701 1613 1753 wirceburgi

183 1761 290 1799 1868.
317 1774 354 1810 p.
380 1763 415 1800 6.
