1807 3200
916 272 943 313 4

316 392 352 431 1.
414 387 752 443 descriptionem
792 386 1045 431 Britanniae
1090 386 1259 431 insulae
1304 390 1350 431 et
1393 372 1487 432 eius
1537 387 1654 432 inco-

221 471 391 524 larum3

312 555 352 597 2.
412 551 643 598 historiam
684 564 832 597 rerum
887 564 914 596 a
944 550 1152 596 Romanis
1193 554 1295 596 ante
1324 550 1572 608 Agricolam
1610 551 1656 595 in

220 636 451 681 Britannia
481 640 727 692 gestarum

311 706 350 761 3⁴
411 718 620 762 nonnulla
661 730 688 761 a
726 716 819 760 vita
863 714 1142 770 moribusque
1173 715 1403 770 Agricolae
1432 715 1655 760 illustran-

223 801 291 845 dis
337 800 503 854 aliena,
553 803 601 844 ut
641 812 718 853 ea,
765 811 875 854 quae
907 810 1001 853 cap.
1037 801 1091 841 14
1137 797 1192 842 de
1247 796 1459 842 Hibernia
1497 797 1653 853 insula,

223 896 317 939 cap.
344 886 395 926 17
440 882 495 927 de
525 882 712 926 militum
742 879 1075 934 iactationibuS‚
1123 893 1217 936 cap.
1245 883 1300 924 25
1341 879 1396 925 de
1436 881 1655 925 navalium

222 970 267 1011 et
285 966 563 1011 terrestrium
583 965 804 1021 copiarum
822 964 1077 1009 commercio
1097 967 1144 1008 et
1165 963 1468 1019 aemulatione,
1491 976 1584 1020 cap.
1598 967 1652 1009 37

222 1049 276 1093 de
308 1049 409 1093 Auli
440 1049 577 1092 Attici
607 1060 713 1092 nece
744 1048 966 1103 legantur;
1674 1038 1676 1040 ’

308 1135 349 1175 4.
412 1131 591 1187 Calgaci
621 1135 668 1176 et
698 1130 927 1187 Agricolae
959 1130 1207 1183 orationes;

312 1216 351 1255 5.
414 1212 562 1269 fugam
595 1212 843 1267 Usiporum.

306 1294 449 1350 Atque
481 1307 535 1339 ea
565 1293 736 1338 ratione
769 1293 1111 1349 disputationem
1139 1292 1372 1337 instituere
1402 1292 1557 1347 liceat,
1603 1295 1654 1337 ut

219 1377 428 1433 primum,
474 1390 560 1433 qua
600 1377 771 1422 ratione
813 1377 970 1422 ductus
1015 1377 1192 1428 Tacitus
1233 1376 1278 1420 in
1326 1376 1471 1422 media
1516 1375 1654 1421 libelli

219 1464 346 1515 parte
389 1460 653 1505 illustranda
704 1464 794 1505 tam
840 1460 995 1516 longus
1036 1459 1193 1513 fuerit,
1249 1459 1430 1514 deinde,
1477 1460 1550 1516 qui
1595 1460 1654 1504 sit

219 1542 405 1598 factum,
437 1548 488 1588 ut
517 1544 562 1587 in
592 1544 674 1588 hac
695 1548 821 1599 parte
843 1557 989 1588 rerum
1016 1544 1163 1599 potius
1185 1556 1314 1599 quam
1332 1543 1449 1588 vitae
1469 1543 1653 1599 scripto-

219 1639 313 1671 rem
344 1630 517 1682 ageret,
559 1627 777 1683 explicare
809 1627 1008 1672 studeam
1021 1661 1031 1681 ,
1074 1630 1295 1683 postremo
1336 1627 1391 1672 de
1422 1627 1653 1683 compluri-

218 1709 301 1755 bus
332 1723 481 1755 eorum
522 1711 736 1765 locorum,
780 1712 854 1767 qui
895 1715 972 1756 aut
1002 1711 1172 1755 omnino
1213 1724 1299 1755 non
1339 1712 1560 1766 pertinere
1591 1712 1652 1757 vi-

219 1793 379 1837 dentur
419 1793 474 1837 ad
516 1793 651 1837 vitam
698 1793 1004 1838 illustrandam
1050 1796 1127 1837 aut
1166 1793 1230 1837 ita
1270 1793 1511 1848 comparati
1540 1805 1651 1848 esse,

217 1878 269 1920 ut
296 1874 444 1930 potius
481 1887 554 1919 res
591 1875 636 1919 in
664 1875 894 1920 Britannia
933 1876 1078 1920 insula
1106 1878 1256 1931 gestas
1287 1879 1492 1920 enarrent
1523 1889 1652 1932 quam

216 1956 335 2002 facta
364 1969 594 2013 moresque
625 1957 854 2014 Agricolae
867 1993 878 2013 ‚
909 1958 1156 2003 accuratius
1187 1971 1326 2015 agam.

305 2040 392 2086 Sed
430 2041 683 2096 priusquam
728 2041 782 2085 de
836 2041 906 2086 his
950 2040 1083 2086 rebus
1138 2054 1249 2097 quae
1292 2040 1399 2086 mihi
1447 2043 1654 2098 proposui

216 2135 428 2178 exponam
441 2156 451 2176 ,
496 2121 690 2167 breviter
734 2123 1012 2168 indicandum
1059 2127 1149 2177 est,
1200 2123 1305 2179 quid
1359 2123 1415 2168 de
1457 2124 1652 2178 consilio,

217 2217 301 2260 quo
333 2204 404 2249 hic
434 2203 548 2249 liber
579 2206 852 2262 conscriptus
882 2220 980 2252 esse
1006 2207 1230 2261 videatur,
1263 2206 1462 2252 sentiam.

301 2288 366 2332 Ac
395 2286 666 2343 probandam
697 2301 795 2334 esse
820 2290 1027 2335 Urlichsii
1045 2289 1078 2347 ¹)
1104 2289 1366 2335 sententiam
1392 2289 1649 2346 putaverim,

214 2370 288 2427 qui
327 2370 373 2415 id
415 2370 558 2426 egisse
591 2371 789 2418 Tacitum
828 2374 873 2417 in
914 2373 1208 2430 componendo
1246 2373 1450 2429 Agricola
1480 2374 1649 2429 statuit,

212 2456 262 2497 ut
316 2453 450 2498 vitam
508 2454 649 2498 soceri
705 2457 920 2502 carissimi
959 2462 1005 2503 et
1053 2456 1352 2511 dilectissimi,
1409 2469 1537 2513 quem
1581 2469 1651 2509 ‚ex

212 2537 344 2581 animi
375 2538 595 2583 sententia
621 2539 762 2584 virum
791 2540 909 2585 domi
939 2540 1131 2597 bellique
1160 2552 1363 2596 magnum
1394 2540 1575 2586 duceret
1605 2544 1651 2585 et

210 2620 333 2665 cuius
376 2619 495 2665 facta
548 2632 778 2679 moresque
833 2623 1126 2680 pulcherrimo
1180 2621 1326 2669 laudis
1372 2626 1649 2670 monumento

318 2792 354 2838 1)
377 2792 483 2831 Phil.
508 2795 602 2831 Anz.
632 2796 664 2832 7.
691 2809 730 2845 p.
755 2798 835 2836 155.
