1807 3200
884 279 934 324 :³1

236 420 238 422 ’
276 403 445 448 Ὀωῐιία
474 401 622 456 igitur,
653 403 702 444 ut
731 398 922 442 breviter
950 411 1016 452 ea,
1047 411 1157 453 quae
1179 400 1473 453 disseruimus,
1504 412 1620 444 com-⁶

200 488 443 544 plectamur
471 496 551 539 pro
571 476 795 526 Britannis
820 480 956 526 fuisse
985 481 1032 524 in
1060 481 1137 526 illa
1165 482 1317 526 ultima
1346 483 1621 529 dimicatione

201 568 398 613 oratione
418 562 606 620 :Calgaci
636 563 879 607 edocemur.

289 651 442 705 Itaque
472 660 625 703 parum
657 646 844 690 attinere
885 657 981 689 eam
1011 645 1067 689 ad
1097 645 1268 690 laudem
1296 647 1520 702 Agricolae
1551 661 1620 692 ce-

202 730 456 776 lebrandam
485 729 604 773 nullo
633 726 761 771 modo
792 727 1092 771 concesserim.
1164 727 1274 771 Nam
1304 733 1466 783 quanto
1496 742 1620 784 proe-

201 814 307 858 lium
337 812 513 857 maioris
543 811 747 866 periculi,
779 813 902 854 tanto
932 810 1141 865 insignior
1169 811 1307 855 victor
1337 817 1444 856 erat.

289 895 357 939 Ea
387 893 585 949 denique,
617 904 745 947 quam
777 891 1021 946 Agricolam
1052 890 1282 935 habentem
1311 891 1417 936 facit
1432 893 1621 947 Tacitus,

171 1025 173 1028 Α
206 978 402 1022 oratione
438 975 762 1030 imperatoriam
805 975 898 1018 eius
928 974 1132 1017 virtutem
1171 975 1364 1018 illustrat
1394 980 1522 1031 atque
1554 990 1625 1021 res

204 1059 259 1105 ab
290 1072 341 1104 eo
372 1071 509 1114 usque
541 1057 597 1102 ad
627 1058 748 1102 illum
779 1057 893 1101 diem
923 1060 1071 1112 gestas
1095 1070 1223 1101 unum
1249 1058 1294 1100 in
1319 1058 1458 1102 locum
1485 1061 1622 1116 cogit:

204 1144 343 1187 victas
372 1146 556 1186 naturae
587 1140 878 1192 difficultates,
909 1138 1031 1183 fusas
1060 1143 1105 1182 et
1134 1139 1307 1194 fugatas
1336 1141 1523 1186 hostium
1553 1156 1624 1187 co-

203 1226 322 1280 pias,
353 1224 572 1267 inventam
600 1222 872 1267 Britanniam
902 1225 948 1266 et
978 1220 1215 1266 subactam.

293 1306 360 1351 Ne
389 1307 550 1352 multa:
593 1319 668 1351 eas
698 1318 814 1359 res,
854 1318 963 1361 quas
1000 1305 1103 1349 illae
1143 1305 1361 1349 orationes
1392 1306 1624 1362 continent,

211 1404 295 1435 non
336 1391 399 1435 ita
429 1394 621 1435 remotas
653 1402 751 1434 esse
783 1388 837 1448 ab
870 1402 921 1433 eo
935 1422 947 1442 ,
992 1388 1107 1444 quod
1138 1392 1312 1433 secutus
1342 1394 1412 1434 est
1449 1391 1626 1436 Tacitus

208 1473 252 1517 in
284 1473 486 1528 Agricola
516 1472 840 1524 conscribendo,
872 1471 1051 1516 consilio
1082 1476 1278 1527 apparet.

294 1555 381 1600 Sed
410 1555 600 1600 fortasse
630 1555 675 1600 id
705 1554 999 1611 quaerendum
1031 1558 1112 1608 est,
1146 1567 1221 1599 cur
1249 1554 1303 1599 ad
1326 1555 1627 1611 exprimendas

205 1650 280 1681 eas
320 1639 559 1682 sententias
599 1637 740 1682 forma
778 1638 988 1681 orationis
1027 1650 1132 1681 usus
1173 1639 1232 1681 sit
1271 1642 1317 1682 et
1347 1652 1423 1683 cur
1452 1640 1496 1683 in
1526 1653 1627 1684 con-

203 1718 415 1775 fingendis
444 1720 542 1766 istis
573 1718 841 1765 orationibus
871 1722 962 1767 tam
991 1719 1144 1776 longus
1173 1719 1318 1764 fuerit.
1530 1776 1533 1778 v

298 1805 355 1848 Ac
394 1805 580 1860 primum
620 1804 792 1860 quidem
831 1807 1007 1848 secutus
1045 1816 1143 1848 esse
1183 1817 1327 1848 rerum
1367 1806 1627 1861 scriptorum

205 1899 369 1930 morem
408 1887 603 1940 videtur,
643 1886 716 1943 qui
754 1886 847 1931 fere
886 1898 1059 1941 semper
1098 1890 1200 1930 ante
1240 1900 1428 1943 pugnam
1466 1888 1628 1934 descri-

206 1967 393 2013 bendam
430 1969 655 2024 utriusque
694 1969 910 2013 exercitus
951 1968 1103 2013 ducem
1144 1969 1536 2015 contionabundum
1564 1972 1629 2015 in-

209 2051 384 2097 ducunt.
454 2051 519 2097 Eo
549 2065 652 2097 vero
693 2050 899 2097 libentius
939 2065 1036 2097 eum
1076 2065 1239 2096 morem
1270 2054 1481 2108 servavit,
1530 2056 1631 2111 quia

208 2133 418 2179 delectari
449 2148 502 2180 ea
530 2135 794 2180 narrationis
813 2135 1053 2180 variatione
1084 2149 1136 2180 ac
1165 2136 1457 2193 redintegrari
1487 2138 1632 2196 legen·

207 2219 316 2262 tium
346 2219 512 2264 animos
543 2216 774 2264 sentiebat.

296 2298 465 2344 Deinde
481 2300 704 2345 -Tacitum'
732 2313 868 2357 usque
899 2300 957 2346 ad
985 2300 1094 2345 illud
1125 2305 1319 2357 tempus,
1359 2314 1443 2357 quo
1483 2302 1541 2347 ad
1570 2303 1631 2347 vi-

207 2386 298 2427 tam
339 2384 479 2429 soceri
518 2384 822 2429 illustrandam
851 2384 1104 2438 accederet,
1150 2385 1194 2428 in
1225 2384 1319 2429 foro
1350 2389 1396 2429 et
1425 2387 1631 2431 orationi-

206 2465 289 2511 bus
319 2452 576 2523 occupatum
606 2467 740 2513 fuisse
771 2480 822 2512 ac
850 2468 1002 2523 primis
1042 2480 1139 2511 eum
1179 2467 1296 2511 illius
1335 2469 1496 2513 aetatis
1534 2482 1631 2514 ora-

207 2548 376 2595 toribus
406 2554 735 2596 annumeratum
766 2563 862 2595 esse
893 2550 1196 2607 negligendum
1225 2563 1309 2594 non
1342 2553 1422 2594 est.

295 2635 450 2690 Itaque
480 2635 537 2688 si,
570 2647 847 2690 quaecunque
879 2634 1080 2687 daretur,
1114 2634 1384 2678 occasionem
1413 2636 1632 2680 orationes

209 2716 357 2762 libello
389 2729 466 2762 suo
496 2716 716 2761 inserendi
746 2717 953 2773 arripuit,
986 2729 1069 2760 non
1101 2715 1374 2762 mirabimur:
1407 2730 1507 2762 nam
1537 2730 1629 2762 cum

207 2799 252 2843 in
282 2799 553 2845 illustrandis
580 2798 711 2845 rebus
733 2800 871 2856 gestis
897 2800 1022 2856 quasi
1042 2800 1297 2856 peregrinus
1320 2805 1451 2858 atque
1475 2802 1632 2856 hospes
