1807 3200
888 264 940 306 16

189 384 261 424 est
283 380 331 435 ¹).
408 379 530 432 Quae
569 391 667 425 cum
696 379 761 424 ita
790 380 901 434 sint,
946 378 1142 426 libellum
1156 414 1167 435 ,
1213 381 1269 427 de
1309 394 1394 439 quo
1424 382 1622 438 dicimus,

186 462 431 520 perfectum
473 465 605 519 atque
647 461 847 508 omnibus
886 463 1079 509 numeris
1119 463 1367 511 absolutum
1407 478 1506 512 esse
1545 478 1624 512 cur

187 551 433 592 statuamus
446 581 457 601 ,
502 547 667 592 nullam
698 560 874 592 causam
904 547 1032 592 video
1071 561 1152 593 nec
1182 561 1294 605 quae
1325 548 1549 595 offendunt
1576 551 1623 595 in

188 643 239 676 eo
282 630 466 686 legendo
481 664 492 684 ,
541 629 626 674 nisi
668 629 800 674 aliam
843 632 890 674 et
931 642 1027 674 eam
1072 628 1412 685 probabiliorem
1442 632 1621 688 originis

187 712 521 768 explicationem
571 711 885 765 invenerimus,
946 723 1024 766 pro
1078 711 1198 756 vitiis
1246 711 1405 757 ducere
1454 711 1619 758 dubito.

188 794 313 847 Quod
342 807 445 839 vero
476 794 522 838 in
553 806 605 838 eo
635 794 820 838 maxime
861 794 1060 849 peccavit
1090 794 1290 849 Tacitus,
1338 794 1454 850 quod
1484 794 1620 839 inter-

186 877 288 921 dum
328 876 476 932 potius
513 888 587 920 res
626 876 672 919 in
700 875 929 920 Britannia
964 877 1109 922 insula
1145 881 1295 933 gestas
1326 889 1456 933 quam
1485 877 1621 923 vitam

188 960 329 1005 soceri
371 958 547 1004 videtur
594 957 868 1004 enarravisse
882 993 892 1013 ,
938 972 1024 1003 non
1068 959 1344 1015 mirabimur,
1391 961 1430 1005 si
1472 973 1619 1005 rerum

187 1044 426 1099 scriptores
467 1055 565 1088 eum
604 1043 648 1086 in
687 1042 950 1087 illustranda
995 1056 1047 1087 ea
1090 1047 1217 1099 parte
1258 1043 1493 1089 imitandos
1534 1042 1619 1088 sibi

185 1128 467 1184 proposuisse
496 1126 706 1190 memoria
736 1130 934 1171 tenemus
959 1126 1007 1183 ¹).

275 1211 457 1256 Accedit
497 1210 612 1267 quod
652 1223 728 1264 eo,
775 1222 859 1265 quo
891 1210 948 1255 ad
977 1211 1282 1256 illustrandam
1314 1212 1453 1257 soceri
1482 1212 1618 1258 vitam

185 1294 437 1346 accederet,
482 1295 681 1347 tempore
718 1291 916 1335 Tacitum
957 1296 1034 1336 aut
1077 1276 1366 1348 perscriptam
1409 1292 1616 1338 habuisse

183 1376 414 1421 historiam
449 1388 595 1420 rerum
634 1373 984 1418 Britannicarum
1024 1378 1102 1419 aut
1142 1378 1261 1420 certe
1302 1375 1534 1421 materiam
1570 1378 1617 1420 et

184 1459 355 1515 copiam
384 1457 649 1504 uberrimam
679 1455 764 1502 sibi
795 1449 1063 1513 seposuisse,
1094 1469 1223 1513 quam
1253 1462 1408 1514 postea
1437 1459 1483 1502 in
1514 1470 1614 1504 con-

186 1541 417 1587 scribenda
446 1555 500 1586 ea
530 1544 763 1585 exornaret
793 1544 839 1584 et
868 1540 1130 1595 perpoliret,
1177 1553 1230 1584 ex
1260 1541 1347 1595 eis,
1385 1554 1496 1596 quae
1525 1541 1614 1585 An-

184 1624 343 1670 dresen
372 1624 401 1668 l.
433 1624 461 1668 l.
492 1636 534 1680 p.
571 1626 728 1668 13..14
760 1622 991 1678 disseruit,
1024 1626 1221 1679 apparet.
1282 1622 1334 1667 Id
1364 1622 1499 1679 igitur
1529 1623 1614 1668 Ta-

184 1706 270 1751 cito
310 1706 355 1750 in
397 1706 643 1751 enarranda
683 1705 902 1761 legatione
947 1706 1200 1750 Britannica
1243 1705 1458 1761 agendum
1503 1708 1612 1759 erat,

181 1792 232 1833 ut
262 1801 316 1833 ex
345 1791 548 1844 prompta
579 1792 625 1832 et
653 1791 811 1843 parata
841 1801 988 1832 rerum
1019 1789 1130 1834 silva
1158 1787 1336 1832 reiectis
1366 1788 1449 1842 eis,
1488 1800 1612 1843 quae,

182 1872 377 1927 quamvis
408 1870 464 1916 ab
494 1871 752 1916 enarrandis
781 1870 913 1916 rebus
942 1871 1207 1916 Britannicis
1236 1883 1322 1915 non
1353 1870 1517 1926 aliena,
1556 1871 1614 1916 ad

180 1955 316 2000 vitam
344 1955 576 2011 Agricolae
605 1955 912 2000 illustrandam
941 1967 1096 2010 parum
1125 1954 1419 2010 pertinerent,
1451 1967 1505 1999 ea
1534 1954 1612 1999 eli-

181 2040 327 2093 geret,
359 2035 516 2093 quibus
546 2038 590 2081 in
618 2037 711 2082 vita
741 2036 987 2082 enarranda
1015 2037 1136 2082 locus
1167 2049 1265 2082 esse
1294 2036 1530 2092 videretur,
1560 2050 1612 2083 ac

185 2124 325 2166 totam
356 2122 598 2166 orationem
629 2121 746 2165 vitae
790 2121 1058 2166 enarrationi
1088 2119 1448 2166 accommodaret.
1520 2119 1615 2173 Qua

179 2205 225 2249 in
255 2217 304 2249 re
335 2204 541 2250 facillime
572 2206 613 2250 ei
644 2205 841 2250 accidere
871 2205 1082 2260 potuisse,
1113 2207 1163 2249 ut
1192 2207 1270 2250 aut
1296 2216 1370 2249 res
1400 2202 1456 2249 ab
1485 2203 1612 2261 Agri-

180 2287 302 2332 colae
342 2289 481 2345 gestis
519 2286 799 2343 moribusque
839 2287 1096 2332 remotiores
1125 2286 1171 2330 in
1201 2285 1455 2341 opusculum
1486 2298 1611 2331 suum

178 2370 445 2416 transferret
488 2374 565 2416 aut
604 2371 814 2417 narrandi
857 2371 1075 2416 rationem
1120 2368 1447 2415 convenientem
1490 2368 1610 2414 illam

176 2454 403 2510 historiae,
434 2468 520 2499 non
550 2455 666 2500 vitae
697 2454 986 2501 illustrandae
1016 2456 1189 2499 mutare
1218 2452 1483 2508 neglegeret,
1513 2452 1612 2508 quis

178 2541 269 2593 est,
302 2539 406 2594 quin
436 2538 660 2583 concedat.

275 2731 312 2779 1)
338 2730 470 2769 canu
481 2741 628 2775 saner,
655 2730 799 2767 Blattar
814 2732 855 2779 s.
881 2729 917 2767 d.
941 2730 1043 2777 bayr.
1071 2729 1220 2776 Gymn—
1245 2739 1284 2765 u.
1301 2723 1612 2764 Realaeohuhoe'een

179 2792 273 2829 1877
299 2803 336 2839 p.
365 2791 434 2830 145
459 2790 498 2829 ff.
1177 2807 1179 2809 ·
