1807 3200
931 289 955 329 6

218 407 375 452 leviter
406 395 688 463 significavit,
718 406 794 451 alii
823 407 1079 463 gravissime
1111 405 1495 463 exprobraverunt.
1556 407 1654 465 „In-

218 494 289 536 ter
319 493 601 547 quaesturam
631 503 682 535 ac
712 489 984 535 tribunatum
1014 488 1156 546 plebis
1189 494 1320 547 atque
1350 491 1493 547 ipsum
1522 491 1655 537 etiam

218 573 470 618 tribunatus
501 585 660 617 annum
692 573 838 629 quiete
876 576 922 617 et
963 573 1051 617 otio
1094 576 1365 618 transactum
1394 587 1491 619 esse
1523 577 1655 631 atque

220 657 405 702 eundem
434 660 669 711 praeturae
701 655 837 701 fuisse
866 659 1064 700 tenorem
1094 669 1146 701 ac
1177 657 1425 702 silentium“
1458 658 1553 714 ipse
1570 658 1654 702 Ta-

221 741 334 785 citus
365 740 496 785 testis
527 743 608 784 est.
671 740 733 784 Ac
764 753 819 784 ne
850 740 926 784 illo
959 740 1133 796 quidem
1163 753 1365 795 munere,
1398 753 1482 797 quo
1514 740 1656 786 Galba

219 825 484 879 imperatore
507 823 702 868 functum
734 837 832 868 eum
860 837 957 868 esse
975 824 1218 878 edocemur,
1249 838 1450 879 magnam
1472 825 1513 869 ei
1540 824 1656 880 apud

219 907 439 951 Romanos
469 906 644 951 laudem
674 910 846 961 partam
878 919 997 960 esse,
1040 906 1168 950 immo
1199 906 1405 951 invidiam
1436 909 1482 950 et
1511 906 1657 951 odium

221 989 455 1034 Hoffmann
471 989 505 1046 ¹)
537 990 881 1034 luculentissime
914 989 1242 1033 demonstravit.

309 1073 594 1130 Legationem
623 1072 922 1117 Britannicam
953 1073 1180 1117 illustrans
1223 1072 1387 1128 triplici
1426 1072 1555 1117 laude
1587 1084 1656 1117 so-

222 1171 369 1203 cerum
401 1158 592 1208 Tacitus,
611 1160 813 1201 exornat:
855 1157 1042 1212 primum
1082 1157 1197 1212 quod
1227 1157 1441 1213 legionem
1479 1157 1658 1201 seditio-

223 1255 316 1286 sam
345 1241 401 1285 ad
442 1239 630 1284 officium
669 1240 917 1293 reduxerit,
961 1240 1117 1284 deinde
1161 1239 1276 1295 quod
1312 1240 1462 1283 Vettio
1492 1240 1658 1284 Bolano

221 1324 481 1382 proconsule
512 1324 598 1368 vim
630 1336 754 1368 suam
785 1323 1072 1379 ardoremque
1103 1323 1441 1379 compescuerit,
1474 1323 1659 1380 denique

223 1410 338 1465 quod
369 1408 517 1452 Petilii
550 1408 734 1452 Cerialis
766 1408 972 1461 auspiciis
1002 1408 1175 1462 egregie
1207 1406 1395 1451 officium
1427 1420 1551 1452 suum
1582 1408 1659 1452 ad-

221 1490 550 1536 ministraverit.
614 1489 700 1534 Sed
730 1489 915 1545 primam
945 1489 1064 1533 illam
1095 1489 1269 1534 laudem
1300 1489 1555 1546 disciplinae
1579 1491 1659 1535 mi-

223 1574 367 1618 litaris
400 1574 456 1616 ad
486 1573 655 1627 priscos
686 1584 831 1614 mores
861 1572 1068 1615 redactae
1099 1585 1185 1614 non
1216 1573 1280 1616 ita
1300 1586 1501 1627 magnam
1523 1573 1659 1617 fuisse

223 1658 362 1713 ipsius
408 1656 550 1700 Taciti
589 1654 724 1700 verba
777 1654 982 1699 videntur
1029 1654 1237 1700 indicare.
1314 1656 1427 1700 Nam
1483 1669 1536 1700 ex
1582 1657 1658 1711 eis,

225 1753 336 1795 quae
379 1742 503 1783 sunt:
550 1737 653 1795 „ubi
703 1738 909 1781 decessor
953 1737 1162 1781 seditiose
1207 1751 1337 1793 agere
1367 1738 1657 1783 narrabatur“

223 1822 353 1866 facile
386 1821 575 1865 conicias
605 1821 790 1876 legionis
822 1820 1080 1864 seditionem
1112 1833 1163 1864 ac
1193 1822 1426 1865 tumultum
1456 1835 1542 1866 non
1568 1822 1660 1867 sine

224 1905 331 1948 vitio
373 1907 419 1947 et
458 1903 585 1957 culpa
632 1902 792 1957 prioris
835 1901 956 1945 ducis
1003 1906 1146 1946 ortum
1197 1916 1317 1956 esse,
1366 1916 1449 1958 quo
1493 1908 1660 1949 remoto

225 1988 461 2031 restituere
497 1988 690 2029 veterem
737 1985 1010 2038 disciplinam
1057 1984 1192 2028 haud.
1219 1986 1282 2029 ita
1339 1984 1514 2029 difficile
1564 1986 1660 2031 fuit.

228 2070 352 2123 Quod
384 2068 540 2113 deinde
572 2081 599 2112 a
630 2067 781 2111 Tacito
813 2071 1019 2111 narratur
1045 2068 1314 2123 Agricolam,
1356 2068 1457 2112 dum
1487 2069 1662 2114 Britan-

225 2154 325 2198 niae
356 2152 533 2197 Vettius
563 2151 756 2195 Bolanus
785 2154 1026 2206 praeesset,
1060 2151 1304 2206 cupidinem
1334 2165 1479 2196 rerum
1510 2166 1661 2209 geren-

214 2239 381 2282 'darum
423 2236 690 2288 coercuisse,
737 2235 912 2278 minime
962 2247 1058 2278 eam
1100 2236 1299 2290 equidem
1345 2236 1519 2281 laudem
1561 2249 1661 2282 con-

224 2320 481 2375 tempserim
509 2318 580 2362 vel
608 2317 733 2361 nihili
764 2317 1107 2370 aestimaverim,
1140 2318 1219 2362 sed
1249 2321 1394 2362 tamen
1426 2319 1663 2365 notabilem

227 2417 324 2449 eam
355 2406 401 2447 et
431 2404 675 2446 memoratu
700 2401 874 2456 dignam
895 2400 966 2444 vix
986 2400 1194 2445 duxerim.
1256 2403 1318 2446 Ac
1334 2403 1495 2448 multos
1513 2403 1662 2459 fuisse,

227 2489 302 2544 qui
332 2500 428 2531 eam
460 2486 602 2541 ipsam
631 2484 891 2528 modestiam
922 2484 1151 2539 Agricolae
1182 2485 1416 2540 opprobrio
1442 2491 1666 2533 verterent

228 2574 275 2614 et
303 2582 457 2625 parum
487 2568 672 2631 honeste
704 2580 801 2611 eum
832 2567 1079 2623 praesentis
1110 2569 1320 2623 temporis
1346 2570 1578 2617 desideriis
1598 2572 1663 2616 in-

228 2652 433 2698 serviisse
474 2650 809 2706 increpitarent,
853 2649 981 2694 facile
1013 2650 1247 2705 suspicere.
1308 2651 1375 2696 De
1415 2653 1549 2699 tertia
1588 2655 1666 2700 illa

308 2826 345 2872 1)
375 2825 550 2861 Zeitsclar.
572 2827 616 2873 s.
645 2825 680 2862 d.
707 2828 836 2860 ostes-r.
870 2826 1003 2869 Gymn.
1034 2825 1138 2861 1870.
1165 2838 1201 2873 p.
1228 2826 1312 2866 255.
