1807 3200
874 287 929 336 27

233 433 248 460 5
274 403 431 465 Imus
473 413 528 447 ne
564 400 674 449 haec
711 400 886 458 quidem
921 414 1033 459 quae
1072 404 1214 460 capite
1252 406 1403 463 quinto
1435 406 1603 452 decimo

190 486 438 531 continetur
465 483 718 529 rebellionis
746 497 975 530 causarum
1004 488 1215 543 expositio
1244 502 1424 544 prorsus
1457 488 1615 534 abhor-

189 581 288 615 rere
316 581 344 613 a
372 566 502 612 laude
532 567 761 624 Agricolae
789 568 975 614 videtur.

276 651 416 696 Multo
460 650 593 695 etiam
638 650 854 696 difficilius
898 652 1043 708 fugam
1088 654 1208 698 illam
1247 655 1483 710 Usiporum
1527 668 1613 711 qua

188 735 358 780 ratione
389 733 546 778 ductus
575 728 692 779 vitae
723 735 861 779 soceri
899 735 1134 781 inseruerit
1166 736 1356 791 Tacitus,
1389 737 1446 781 ad
1478 738 1613 793 expli-

190 817 373 862 candum
401 815 574 860 videtur
604 828 714 860 esse.

275 899 338 944 Ac
371 898 595 944 Walchius
639 899 812 955 quidem
865 913 918 944 ea
974 901 1175 946 nuntiata
1230 901 1466 946 adductum
1508 914 1606 946 esse

186 983 456 1040 Agricolam,
499 985 551 1026 ut
591 982 730 1026 classe
761 983 1058 1027 circummissa
1087 984 1273 1027 insulam
1313 996 1410 1028 esse
1437 984 1612 1028 Britan-

187 1067 304 1112 niam
333 1066 451 1111 haud
481 1061 658 1110 dubium
687 1066 976 1121 relinqueret,
1009 1067 1117 1110 satis
1150 1067 1371 1122 ingeniose
1403 1067 1609 1121 coniecit;

188 1152 420 1207 praeterea
454 1148 714 1204 interposita
757 1148 834 1193 illa
889 1147 1158 1205 digressione
1207 1149 1502 1193 narrationem
1546 1149 1612 1194 iu-

188 1234 329 1281 cunde
358 1233 521 1279 variari
551 1236 681 1288 atque
712 1233 902 1288 animum
930 1220 1164 1288 legentium
1194 1233 1497 1290 redintegrari.

270 1316 468 1370 ,Quarum
497 1315 812 1361 sententiarum
841 1316 1030 1371 priorem
1061 1328 1146 1360 non
1176 1316 1431 1371 acceperim.

275 1401 387 1447 Nam
418 1401 618 1454 Tacitus,
650 1401 688 1445 si
722 1400 874 1446 nuntio
905 1401 1079 1446 illorum
1109 1413 1306 1445 errorum
1336 1413 1534 1446 socerum
1563 1414 1614 1446 eo

188 1483 423 1531 adductum
452 1496 550 1528 esse
580 1484 888 1539 comperisset,
932 1487 984 1528 ut
1011 1483 1284 1529 Britanniam
1325 1484 1615 1529 circumvehe-

186 1572 323 1622 retur,
354 1567 499 1613 facere
523 1580 608 1612 non
629 1566 785 1622 potuit,
817 1566 920 1622 quin
940 1566 986 1611 id
1011 1566 1175 1611 diserte
1206 1570 1252 1611 et
1281 1567 1410 1623 plane
1434 1567 1613 1612 diceret.

275 1651 415 1705 Quam
443 1651 628 1718 alteram
658 1650 882 1695 Walchius
912 1650 1319 1705 interpretationem
1348 1650 1530 1706 profert,
1563 1664 1616 1696 ea

184 1735 324 1792 magis
351 1733 578 1792 probanda
606 1734 780 1779 videtur
808 1737 940 1789 atque
970 1732 1026 1779 ab
1055 1733 1303 1779 hominibus
1323 1734 1467 1780 doct-is
1495 1735 1614 1780 haud

185 1818 251 1863 ita
278 1818 451 1874 paucis,
482 1821 533 1862 ut
562 1830 590 1862 a
620 1816 884 1870 Gantrellio‚
917 1820 1099 1872 accepta
1129 1820 1211 1861 est.

273 1899 404 1946 Haud
434 1899 524 1944 scio
555 1912 610 1944 an
640 1899 734 1955 ipse
765 1899 957 1954 TacituS‚
989 1912 1075 1955 qua
1103 1900 1274 1944 ratione
1305 1899 1463 1945 ductus
1493 1900 1614 1945 illam

186 1983 333 2039 fugam
361 1983 603 2027 narrationi
633 1995 738 2027 suae
769 1983 1025 2037 inseruerit,
1058 1982 1369 2039 significavisse
1400 1984 1613 2038 videatur,

186 2079 283 2112 cum
319 2079 521 2122 magnum
560 2066 606 2110 id
643 2079 694 2111 ac
735 2065 1017 2110 memorabile
1048 2065 1218 2111 facinus
1248 2067 1516 2122 appellaret:
1558 2066 1614 2111 ab

185 2150 327 2194 animo
358 2150 595 2205 impetrare
623 2162 709 2193 non
739 2150 896 2205 potuit,
928 2153 979 2194 ut
1011 2162 1185 2194 errores
1214 2153 1306 2195 tam
1328 2151 1462 2195 miros
1482 2155 1628 2207 atque.

183 2236 261 2279 tot
280 2232 487 2290 periculis
516 2232 708 2289 insignes
739 2233 914 2278 silentio
946 2233 1222 2289 praeteriret.

270 2316 521 2362 Accedebat
550 2317 665 2373 quod
694 2318 776 2361 hac
807 2317 1077 2373 digressione
1108 2330 1278 2371 omnes,
1318 2318 1392 2373 qui
1422 2330 1517 2362 eam
1548 2318 1610 2362 le-

183 2402 359 2455 gerent,
402 2398 496 2444 fore
540 2402 592 2444 ut
629 2399 815 2444 maxime
845 2399 1172 2444 delectarentur
1211 2412 1389 2456 sperare
1421 2403 1609 2455 poterat.

271 2481 384 2525 Nam
422 2494 510 2537 qua
550 2494 599 2526 re
631 2482 775 2538 <magis
815 2485 1022 2526 tenentur
1062 2495 1113 2527 ac
1153 2483 1386 2528 trahuntur
1414 2484 1612 2528 multitu-

186 2549 300 2608 dinis
329 2563 462 2608 animi
492 2577 621 2620 quam
652 2564 930 2610 enarratione
961 2564 1238 2619 seditionum,
1273 2578 1481 2620 errorum,
1513 2578 1610 2612 esa-

182 2659 278 2691 rum
316 2646 601 2694 humanarum
642 2648 834 2694 carnium
850 2683 861 2703 ,
913 2661 1155 2705 pugnarum
1197 2650 1430 2705 atrocium,
1471 2651 1610 2707 capti—

141 2752 143 2754 >
181 2731 396 2778 vitatum?

205 2853 207 2855 ,
272 2814 603 2859 Diversiseimos
633 2819 788 2861 autem.
809 2819 857 2860 et
884 2815 1144 2861 falsissimos
1174 2829 1253 2871 per
1282 2816 1434 2863 urbem
1467 2833 1610 2863 rumo-
