1807 3200
868 276 925 318 20

270 393 331 435 Ac
363 405 416 435 ne
448 403 499 436 eo
530 391 704 447 quidem
735 391 1048 447 descenderim,
1078 392 1331 438 ut'inscium
1351 405 1449 437 eum
1479 395 1610 448 atque

180 474 304 530 quasi
335 474 517 519 invitum
547 472 798 529 peccavisse
828 474 1050 519 coniciam.
1215 464 1217 467 ⁵

267 556 536 614 Quamquam
575 556 705 603 facile
747 555 793 603 id
834 557 875 602 ei
917 557 1116 604 accidere
1155 558 1352 615 potuisse
1391 558 1461 604 vix
1491 556 1609 618 quis-'

179 655 307 697 quam
338 642 576 698 negaverit.

264 725 377 770 Nam
394 727 558 786 >utique
588 726 722 771 talem
755 738 982 771 excursum
1003 725 1297 770 necessarium
1319 724 1454 770 fuisse
1476 737 1608 781 supra

177 808 467 862 exposuimus.
528 808 724 863 Prompti
755 810 882 851 erant
911 806 1221 859 commentarii,
1255 804 1397 850 crebri
1423 805 1495 849 illi>
1513 805 1607 862 qui-

177 888 275 933 dem
304 903 451 934 rerum
481 889 741 945 frequentia,
774 889 851 934 sed
872 902 980 945 quos
1001 901 1052 933 eo
1072 888 1251 933 consilio
1274 887 1606 943 conscripserat,

176 976 227 1016 ut
267 972 331 1017 eis
373 972 417 1016 in
459 972 655 1017 historiis
687 971 994 1027 componendis
1024 973 1237 1016 uteretur.
1297 970 1452 1026 Itaque
1483 968 1606 1015 facil-

176 1054 277 1098 lime
309 1067 407 1098 eum
439 1053 597 1099 abduci
631 1054 851 1110 potuisse,
897 1057 948 1098 ut
989 1066 1090 1099 ress
1107 1066 1133 1098 a
1173 1053 1264 1098 vita
1299 1047 1530 1098 alieniores
1561 1052 1604 1097 in

175 1133 370 1179 libellum
402 1148 525 1180 suum
549 1134 902 1189 transscriberet,
933 1134 1210 1179 manifestum
1244 1138 1324 1178 est.

264 1217 445 1260 Accedit
474 1216 589 1272 quod
619 1217 662 1260 in
695 1216 990 1272 componendo
1015 1216 1101 1260 isto
1132 1229 1312 1260 excessu
1334 1228 1485 1271 presse
1506 1228 1605 1260 eum

175 1310 321 1342 rerum
364 1299 624 1353 scriptorum
668 1299 854 1353 vestigia
900 1301 1095 1343 secutum
1137 1311 1233 1342 esse
1277 1301 1471 1351 constat,
1493 1313 1495 1315 ¹
1518 1298 1604 1353 qui,

175 1381 345 1437 quoties
383 1393 538 1425 novam
578 1381 767 1437 aliquam
806 1385 980 1438 gentem
1010 1381 1055 1424 in
1085 1392 1260 1425 scenam
1290 1378 1602 1436 producebant,

173 1463 392 1517 ingenium
438 1464 533 1507 eius
576 1476 805 1518 moresque
851 1476 902 1507 ac
947 1468 1094 1507 terrae
1140 1464 1272 1507 situm
1316 1467 1603 1518 naturamque

174 1558 303 1601 quam
344 1546 671 1590 accuratissime
711 1545 1040 1600 describebant,
1086 1546 1350 1600 immiscere,
1394 1559 1505 1602 quae
1543 1545 1602 1591 ad

172 1640 245 1673 res
284 1628 345 1672 ibi
385 1632 534 1685 gestas
573 1629 858 1675 illustrandas
898 1643 1050 1685 parum
1080 1629 1374 1685 pertinerent,
1414 1642 1499 1674 non
1528 1642 1597 1674 re-

172 1714 390 1755 cusantes.

260 1792 423 1836 Tamen
455 1793 652 1837 consulte
685 1806 783 1838 eum
812 1798 860 1837 et
889 1794 1079 1851 cogitate
1110 1794 1252 1851 egisse
1283 1794 1554 1839 crediderim.

262 1874 368 1919 Cum
417 1874 531 1919 enim
573 1875 627 1919 de
672 1875 902 1920 Britannia
946 1876 1089 1921 insula
1133 1879 1264 1931 atque
1308 1875 1463 1920 incolis
1507 1875 1602 1920 eius

171 1956 322 2013 utique
362 1956 409 2002 ei.
445 1956 731 2013 praefandum
776 1962 919 2014 esset,
963 1958 1019 2005 ab
1065 1959 1206 2006 animo
1248 1960 1484 2015 impetrare
1514 1971 1601 2004 non

169 2040 367 2095 potuisse
408 2040 604 2095 videtur,
651 2042 754 2098 quin
795 2041 915 2087 brevi
959 2047 1006 2087 et
1042 2043 1158 2088 vitae
1189 2046 1293 2099 apto
1324 2042 1525 2088 excursui
1554 2046 1602 2088 et

172 2122 240 2167 cui
270 2121 378 2166 nihil
409 2121 574 2168 inesset
594 2123 677 2167 nisi
698 2124 813 2180 quod
834 2125 890 2169 ad
914 2124 1230 2181 intellegendas
1251 2124 1599 2175 aestimandasvc

169 2218 242 2250 res
279 2204 335 2249 ab
366 2205 569 2260 Agricola
606 2210 754 2261 gestas
790 2208 1084 2253 necessarium
1126 2211 1267 2261 esset,
1310 2206 1600 2252 substitueret

170 2286 508 2343 descriptionem
538 2288 707 2334 insulae
737 2293 783 2335 et
813 2291 1049 2337 incolarum
1077 2289 1316 2347 perfectam
1333 2293 1380 2335 et
1400 2288 1599 2336 omnibus

168 2369 359 2414 numeris
389 2368 648 2415 absolutam.

257 2450 508 2497 Accedebat
538 2454 676 2509 quod,
722 2469 806 2512 quo
847 2456 1017 2513 plenius
1061 2460 1192 2513 atque
1222 2454 1400 2502 uberius
1429 2455 1598 2502 insulae

169 2536 301 2580 situm
332 2540 377 2580 et
407 2540 607 2581 naturam
638 2542 769 2595 atque
800 2541 1018 2597 ingenium
1049 2544 1095 2585 et
1122 2552 1266 2585 mores
1291 2540 1598 2586 Britannorum

170 2618 463 2686 describeret,
512 2633 563 2681 eo
593 2622 802 2677 majorem
833 2637 880 2669 se
913 2624 1111 2669 omnibus
1140 2624 1408 2679 voluptatem
1439 2623 1597 2668 allatu·
1647 2641 1649 2643 ’

168 2715 264 2747 rum
296 2715 393 2747 esse
425 2704 466 2746 ei
496 2704 748 2750 constabat:
794 2708 939 2753 insula
978 2707 1059 2753 sub
1089 2708 1198 2764 ipsis
1229 2705 1598 2762 septentrionibus

170 2786 279 2840 sita,
322 2786 484 2830 Thules
514 2785 740 2835 fabulosae
771 2792 925 2846 vicina,
955 2805 1076 2837 mare
1107 2790 1278 2847 pigrum
1309 2792 1355 2834 et
1384 2789 1597 2845 remigan-
