1807 3200
880 287 934 331 26

195 404 310 448 finus
355 404 572 460 erfolgten
601 402 839 457 Erhebung
882 401 962 446 der
990 401 1231 446 Britannen
1273 400 1629 458 wieder-gegeben

197 486 399 531 werden.'

285 567 397 611 Fere
436 567 553 612 idem
588 567 681 623 jam
721 566 973 622 Heldius1),
995 566 1134 611 sensit
1147 600 1158 619 ,
1201 566 1318 622 apud
1356 578 1485 622 quem
1522 565 1630 610 haec

195 652 419 706 leguntur:
475 651 597 696 ‘Tam
638 651 814 706 copiosa
864 653 1115 694 transactae
1156 650 1316 694 aetatis
1357 662 1504 694 rerum
1554 650 1628 694 de-

198 734 436 789 scriptione
453 734 745 791 symmetriae,
778 746 887 789 quae
907 731 1064 778 artifici
1084 733 1226 789 perito
1258 732 1530 779 observanda
1550 736 1631 788 est,

200 817 320 873 leges
350 818 541 862 violatae
569 830 667 862 esse
696 817 899 861 videntur
931 850 1057 859 .....
1119 817 1181 860 Ac
1209 829 1308 861 mea
1333 817 1508 872 quidem
1537 818 1630 872 opi-

198 901 327 945 nione
368 914 454 945 non
493 901 580 945 iam
626 913 701 954 ea,
748 913 858 956 quae
897 898 1167 955 temporibus
1199 899 1394 945 Suetonii
1428 900 1629 955 Paullini,

198 997 326 1039 quem
357 984 564 1039 deinceps
602 985 646 1027 in
686 983 934 1038 provinciae
964 983 1147 1037 imperio
1177 983 1408 1027 Petronius
1441 984 1629 1039 Turpili-

198 1080 320 1121 anus,
345 1066 590 1112 Trebellius
616 1067 844 1120 Maximus,
875 1066 1051 1111 Vettius
1075 1066 1280 1120 Bolanus,
1302 1067 1487 1112 Petilius
1509 1067 1629 1113 Ceri-

199 1150 282 1193 alis
313 1153 596 1205 exceperunt,
632 1150 833 1194 Britanni
865 1149 1084 1194 senserint
1113 1149 1412 1205 cogitarintve,
1444 1150 1523 1195 sed
1552 1163 1629 1207 po-

196 1234 286 1278 tius
318 1247 430 1290 quae
460 1233 542 1279 sub
571 1234 801 1290 Agricolae
832 1234 1057 1277 introitum
1097 1233 1142 1277 in
1177 1234 1445 1288 provinciam
1475 1238 1521 1279 et
1549 1247 1630 1291 per

197 1321 367 1372 septem
388 1330 537 1372 annos,
569 1317 726 1374 quibus
748 1317 958 1362 adversus
978 1317 1098 1372 ipsos
1118 1316 1282 1362 bellum
1301 1318 1456 1373 gessit,
1484 1322 1629 1371 mente

197 1400 475 1456 agitaverint,
505 1405 710 1446 accurate
740 1401 937 1445 enarrari
969 1399 1217 1445 debebant.’

286 1483 448 1527 Fateor
477 1497 559 1538 me,
591 1484 696 1540 quid
726 1483 811 1528 sibi
825 1484 1014 1528 voluerit
1040 1484 1218 1529 Tacitus
1241 1485 1330 1529 ista
1345 1484 1628 1540 verbositate,

198 1579 285 1610 non
314 1580 498 1622 prorsus
525 1567 796 1623 intellegere.
858 1567 944 1612 Sed
975 1571 1122 1612 tamen
1151 1580 1292 1622 pauca
1322 1567 1379 1613 ad
1409 1568 1628 1623 explican-

201 1648 300 1693 dam
330 1662 427 1694 eam
458 1649 615 1695 afferre
645 1650 791 1695 liceat.

286 1731 478 1776 Primum
509 1746 618 1786 eam,
650 1746 778 1788 quam
809 1733 953 1789 capite
983 1732 1211 1777 undecimo
1242 1730 1531 1787 adumbravit,
1561 1734 1629 1778 in-

200 1815 342 1859 dolem
373 1816 506 1860 animi
536 1817 782 1872 ingeniique
821 1817 970 1872 populi
1001 1816 1244 1860 Britannici
1274 1817 1522 1862 accuratius
1552 1818 1629 1864 de-

199 1897 353 1943 scribit
384 1903 431 1943 et
460 1900 686 1944 ardentem
718 1900 812 1944 eius
851 1899 1021 1955 patriae
1053 1911 1244 1943 amorem
1276 1901 1407 1955 atque
1437 1900 1627 1946 acerbis-

198 1980 354 2026 simum
383 1982 474 2037 iugi
503 1982 675 2026 servilis
705 1982 850 2026 odium
880 1981 1087 2026 illustrat.

287 2064 457 2108 Deinde
512 2078 615 2109 vero
667 2069 808 2109 totum
847 2064 955 2109 illud
1000 2067 1132 2119 caput
1173 2064 1369 2119 quintum
1414 2064 1628 2111 decimum

199 2147 285 2190 etsi
304 2147 444 2202 primo
465 2147 560 2191 loco
591 2161 645 2192 ea
670 2148 866 2203 pericula
888 2147 1095 2200 illustrat,
1116 2159 1227 2201 quae
1249 2146 1480 2191 Suetonius
1500 2148 1630 2193 Paul-

198 2229 312 2274 linus
350 2229 524 2274 Monam
563 2230 749 2275 insulam
792 2241 1025 2285 aggressus
1070 2226 1268 2282 subibat,
1311 2227 1425 2272 idem
1467 2231 1627 2286 tamen,

197 2315 406 2368 quantam
435 2313 638 2368 Agricola
667 2326 760 2357 rem
790 2325 922 2357 ausus
954 2312 1024 2365 sit,
1056 2311 1233 2365 indicat,
1265 2324 1361 2356 cum
1392 2311 1553 2357 bellum
1582 2313 1628 2357 in

197 2396 562 2451 septentrionales
601 2397 769 2440 insulae
810 2395 1010 2452 regiones
1052 2393 1327 2438 transferret.
1388 2393 1499 2439 Nam
1531 2408 1630 2442 eae-

200 2481 296 2524 dem
329 2493 501 2533 causae,
534 2493 645 2535 quae
676 2479 756 2524 sub
788 2479 969 2534 imperio
1000 2477 1189 2521 Paullini
1218 2476 1454 2522 Britannos
1484 2479 1630 2524 adre-

199 2561 449 2606 bellandum
481 2565 813 2615 commoverant,
852 2574 927 2605 eos
958 2557 1212 2612 incitabant,
1244 2561 1294 2602 ut
1324 2562 1476 2605 contra
1504 2561 1630 2618 Agri-

199 2646 339 2689 colam
370 2658 492 2689 arma
521 2648 746 2689 moverent
776 2648 823 2687 et
853 2656 951 2687 eum
982 2656 1008 2686 a
1038 2645 1163 2697 tergo
1197 2639 1486 2686 adorirentur.

298 2765 334 2811 1)
361 2764 504 2801 Comm.
530 2762 578 2801 de
605 2764 672 2801 Cn.
698 2762 794 2800 Julii
821 2762 1024 2810 Agricolae
1050 2761 1156 2803 vita,
1183 2769 1283 2805 quae
1309 2759 1426 2808 vulgo
1452 2748 1629 2801 Cornelio

201 2824 336 2860 Tacito
361 2824 597 2870 adsignatur.
626 2848 628 2850 -
651 2823 814 2869 Scripsit
837 2822 964 2857 Julius
993 2820 1102 2857 lleld.
1156 2817 1342 2854 Suidnicii
1375 2820 1476 2856 1845.
1505 2831 1508 2833 ·
