1807 3200
857 251 915 301 29

181 368 472 424 propinquare
511 379 747 410 monemur.
821 366 963 411 Victis
1006 367 1212 410 Romanis
1259 366 1375 419 fore,
1424 372 1473 411 ut
1513 380 1599 411 non

180 448 318 495 solum
349 449 470 493 totus
487 458 649 492 eorum
679 447 895 494 exercitus
924 447 982 493 ad
1010 447 1347 492 internecionem
1378 447 1599 503 caedatur,

174 532 252 579 sed
283 531 416 576 etiam
445 534 541 575 tota
570 530 808 576 Britannia
827 532 1068 576 amittatur.

260 614 357 661 Huc
386 612 617 659 referenda
646 618 749 660 sunt
778 613 911 661 verba
941 615 1181 672 Agricolae,
1212 628 1323 671 quae
1354 619 1483 660 sunt:
1516 615 1596 660 ‘fu-

173 695 393 756 gientibus
422 696 812 752 periculosissima,
843 710 969 753 >quae
997 696 1126 741 hodie
1158 698 1454 753 prosperrima
1483 702 1597 742 sunt..

173 780 325 837 Neque
354 779 468 824 enim
507 777 632 824 nobis
673 783 752 824 aut
779 780 971 824 locorum
1001 779 1153 824 eadem
1184 780 1343 824 notitia
1372 785 1449 824 aut
1479 792 1595 823 com-

172 866 392 909 meatuum
422 863 574 908 eadem
604 861 891 916 abundantia,
927 861 1013 907 *sed
1054 874 1206 907 manus
1243 866 1289 907 et
1327 875 1448 907 arma
1477 867 1524 907 et
1552 863 1597 907 in

173 947 243 993 his
274 947 444 992 omnia.'
493 946 656 992 Eodem
688 946 922 1002 pertinent,
953 958 1063 1001 quae
1092 946 1221 1001 paulo
1241 945 1356 991 infra
1375 947 1598 1002 leguntur:

173 1030 461 1077 ‘incolumitas
490 1043 540 1075 ac
571 1030 704 1075 decus
733 1029 886 1074 eodem
912 1028 1008 1073 loco
1039 1029 1126 1073 sita
1155 1029 1283 1074 sunt.'

260 1113 406 1158 Etiam
445 1112 603 1157 fortius
643 1112 824 1157 eandem
866 1112 1126 1156 sententiam
1157 1111 1396 1155 invenimus
1426 1113 1470 1155 in
1501 1126 1598 1157 ora-

174 1193 292 1238 tione
310 1193 487 1251 Calgaci
517 1206 790 1249 expressam:
824 1195 916 1237 ‘nec
946 1192 1171 1248 quicquam
1202 1193 1320 1237 ultra
1346 1192 1601 1248 formidinis,

175 1290 312 1322 vacua
343 1277 526 1323 castella
539 1311 550 1331 ,
580 1290 744 1341 gsenum
768 1276 971 1321 ⁴coloniae
984 1310 994 1329 ,
1035 1276 1151 1320 inter
1179 1276 1292 1321 male
1320 1280 1526 1332 parentes
1556 1281 1603 1322 et

173 1358 334 1403 iniuste
363 1359 628 1414 imperantes
659 1372 793 1414 aegra
821 1358 1054 1413 municipia
1083 1362 1129 1401 et
1158 1358 1481 1403 discordantia.'

263 1441 427 1487 Contra
457 1442 641 1488 victoria
668 1442 958 1486 Romanorum
990 1441 1123 1486 armis
1153 1445 1380 1497 reportata
1410 1441 1517 1496 fore,
1549 1447 1599 1488 ut

173 1522 335 1569 bellum
366 1524 618 1570 conficiatur
649 1528 780 1581 atque
811 1527 907 1569 tota
934 1523 1077 1568 insula
1109 1522 1365 1578 debelletur,
1396 1528 1443 1569 et
1471 1525 1598 1581 Agri-

174 1607 270 1653 cola
298 1600 553 1664 gravissime
591 1607 841 1663 praedicat,
887 1618 984 1651 cum
1027 1606 1071 1649 in
1115 1604 1200 1650 fine
1242 1606 1452 1651 orationis
1491 1619 1596 1652 suae

172 1690 280 1755 haec
311 1691 439 1736 dicit:
473 1690 716 1746 ‘transigite
737 1704 834 1735 cum
854 1687 1215 1746 expeditionibus,
1244 1689 1452 1745 imponite
1474 1690 1596 1745 quin-

172 1771 380 1827 quaginta
399 1771 524 1817 annis
550 1784 752 1828 magnum
780 1771 909 1816 diem’
934 1783 1025 1827 eqs.
1045 1774 1095 1816 et
1112 1770 1289 1826 Calgaci
1308 1769 1443 1816 verba
1464 1771 1598 1827 signi-

171 1851 327 1908 ficant,
367 1867 479 1911 quae
518 1858 639 1899 sunt:
685 1853 843 1899 ‘nullae
876 1854 995 1899 ultra
1025 1857 1171 1899 terrae
1204 1887 1214 1897 .
1248 1887 1257 1897 .
1291 1874 1300 1897 ;
1377 1854 1456 1898 sed
1485 1867 1598 1899 nunc

171 1936 383 1983 terminus
411 1937 665 1983 Britanniae
694 1939 841 1994 patet,
872 1937 993 1983 nulla
1018 1937 1108 1994 jam
1137 1936 1256 1981 ultra
1285 1936 1405 1993 gens'
1438 1950 1529 1994 eqs.

259 2018 327 2065 Ea
369 2022 515 2065 autem
545 2019 764 2074 oratione,
810 2032 939 2077 quam
970 2020 1156 2077 Calgaco
1196 2017 1374 2074 tribuit,
1420 2019 1599 2067 Tacitus

173 2102 304 2148 etiam
334 2103 380 2148 id
409 2103 582 2149 videtur
610 2104 752 2160 egisse
767 2137 778 2158 ,
821 2107 871 2149 ut
909 2108 1071 2160 quanto
1100 2108 1202 2150 ante
1232 2116 1419 2160 pugnam
1448 2104 1598 2160 peiore

172 2183 267 2229 loco
297 2183 484 2231 fuissent
510 2197 583 2230 res
602 2185 893 2231 Romanorum
922 2198 1053 2243 quam
1077 2185 1386 2231 Britannorum
1408 2183 1596 2230 dilucide

173 2267 428 2324 explanaret
456 2270 503 2312 et
530 2267 789 2313 illustraret.

258 2350 449 2407 Primum
477 2363 564 2396 non
594 2363 690 2398 cum
718 2364 807 2397 una
832 2354 965 2410 gente
996 2351 1074 2397 sed
1104 2364 1201 2398 cum
1232 2349 1472 2396 coniunctis
1497 2348 1595 2393 Bri·

170 2436 441 2482 tannicarum
490 2435 714 2481 civitatum
761 2436 898 2493 copiis
944 2436 1234 2482 dimicandum
1278 2434 1413 2481 fuisse
1463 2431 1598 2478 verba

171 2522 371 2573 monent,
401 2532 512 2577 quae
542 2519 746 2576 leguntur
774 2519 917 2576 capite
948 2520 1191 2565 tricesimo:
1225 2522 1493 2563 ‘consensum
1522 2529 1594 2560 ve-

172 2603 324 2648 strum'
356 2606 402 2648 et
429 2603 574 2659 capite
602 2603 824 2648 tricesimo
855 2604 1020 2649 altero:
1065 2603 1241 2649 ‘nostris
1260 2602 1333 2645 villi
1363 2600 1597 2645 dissensio—

170 2686 298 2733 nibus
328 2700 380 2733 ac
408 2687 638 2732 discordiis
669 2687 788 2733 clari'
819 2701 910 2745 eqs.

261 2769 429 2814 Deinde
455 2768 679 2822 nobilitas
718 2774 763 2814 et
805 2771 944 2816 virtus
985 2772 1204 2827 copiarum
1247 2768 1601 2813 Britannicarum⁴

389 2900 403 2926 ἴ
