1807 3200
869 278 918 325 11

245 400 621 454 -Descriptionem
671 399 925 444 Britanniae
975 400 1144 445 insulae
1185 404 1231 445 et
1277 401 1469 456 gentium
1513 412 1610 444 eam

185 482 462 528 incolentium
506 483 775 539 aptissimam
817 481 952 528 fuisse
995 483 1051 527 ad
1092 484 1343 529 alliciendos
1373 484 1610 540 legentium

186 566 353 611 animos
382 565 498 610 infra
527 566 775 610 accuratius
808 565 1213 611 demonstrabimus.

276 650 364 693 Res
395 653 540 693 autem
570 652 732 705 gestas,
764 652 946 693 naturae
980 648 1258 694 difficultates
1286 650 1444 704 victas,
1476 650 1610 694 victo-

189 733 280 777 rias
309 735 572 788 reportatas,
604 733 803 777 nationes
835 731 1064 787 subactaS,
1097 734 1280 777 castella
1309 734 1612 790 praesidiaque

189 814 355 861 munita
384 817 613 860 maximam
643 816 849 860 habuisse
872 817 1206 861 delectationem
1231 818 1275 860 in
1295 821 1500 872 promptu
1530 822 1612 871 est,

189 900 448 956 praesertim
491 912 586 944 cum
623 903 719 944 tota
758 900 845 944 ista
876 901 1096 945 enarratio
1129 901 1360 946 inserviret
1391 900 1614 945 ambitioni

191 986 236 1025 et
277 982 441 1037 gloriae
481 982 794 1025 Romanorum:
837 995 1021 1036 namque
1060 983 1349 1026 Romanorum
1385 982 1614 1036 imperium

190 1063 323 1107 armis
354 1063 644 1107 Romanorum
683 1076 819 1119 usque
860 1065 916 1108 ad
953 1065 1072 1119 ipsos
1103 1068 1319 1108 terrarum
1351 1077 1401 1108 ac
1432 1067 1615 1108 naturae

191 1145 299 1190 fines
330 1149 616 1202 propagatum
647 1151 756 1190 erat.

281 1230 449 1274 Deinde
495 1243 547 1274 ex
590 1230 743 1275 eadem
786 1231 902 1275 vitae
943 1234 1069 1286 parte
1112 1230 1358 1275 enarranda
1398 1230 1493 1285 ipse
1534 1229 1617 1272 Ta—

195 1315 308 1359 citus
364 1327 572 1359 summam
629 1315 797 1369 cepisse
856 1315 1123 1370 voluptatem
1175 1315 1359 1359 videtur.
1451 1313 1621 1357 Ceteris

192 1396 309 1440 vitae
351 1395 551 1451 partibus
593 1395 737 1440 facere
780 1409 864 1439 non
906 1398 1071 1452 potuit,
1116 1397 1242 1452 quin,
1290 1410 1386 1441 cum
1418 1396 1620 1440 laudaret

194 1479 462 1535 Agricolam,
510 1483 736 1524 accusaret
766 1492 896 1524 saeva
926 1484 1057 1536 atque
1089 1481 1256 1525 atrocia
1286 1479 1525 1524 Domitiani
1555 1478 1619 1523 fa-

195 1563 343 1608 cinora
384 1567 461 1608 aut
499 1577 642 1608 mores
685 1568 862 1609 senatus
899 1565 1132 1620 populique
1166 1565 1349 1608 Romani
1391 1566 1620 1618 corruptos

195 1650 327 1702 atque
365 1648 527 1691 saeculi
558 1646 700 1691 labem
731 1651 777 1691 et
806 1648 1019 1692 maculam
1051 1648 1309 1703 depingeret
1340 1651 1386 1691 et
1415 1647 1620 1690 miseram

195 1729 459 1773 domesticae
490 1729 831 1784 perturbationis
862 1731 1050 1785 speciem
1083 1729 1377 1774 adumbraret.
1438 1730 1505 1772 Ex
1536 1742 1621 1784 qua

196 1811 471 1855 enarratione
502 1815 708 1867 quantum
740 1811 934 1855 dolorem
965 1812 1131 1867 ceperit
1152 1812 1248 1867 ipse
1277 1809 1492 1867 significat
1523 1823 1620 1854 ann.

197 1900 237 1939 4.
262 1899 316 1940 33
347 1896 465 1939 hisce
497 1895 660 1939 verbis:
709 1898 801 1939 ‘nos
833 1909 963 1940 saeva
993 1897 1132 1949 iussa,
1176 1896 1403 1939 continuas
1445 1908 1621 1939 accusa-

195 1979 351 2033 tiones,
383 1978 563 2023 fallaces
595 1979 830 2032 amicitias,
863 1979 1097 2034 perniciem
1127 1980 1419 2023 innocentium
1450 1982 1496 2023 et
1526 1991 1621 2022 eas-

197 2063 294 2106 dem
326 2063 444 2106 exitu
488 2075 642 2106 causas
681 2062 976 2117 coniungimus
1007 2061 1134 2105 obvia
1164 2075 1307 2105 rerum
1339 2062 1620 2106 similitudine

197 2148 243 2189 et
293 2144 527 2189 satietate.'
601 2144 744 2200 Atque
800 2145 915 2188 idem
962 2145 1073 2189 alius
1118 2145 1238 2188 locus
1286 2157 1338 2188 ex
1393 2142 1621 2187 annalibus

198 2228 451 2281 desumptus
491 2226 668 2282 probat,
712 2208 785 2282 qui
810 2231 954 2271 exstat
986 2226 1098 2271 libro
1136 2231 1258 2270 sexto
1289 2239 1382 2281 cap.
1413 2230 1466 2270 38
1501 2225 1620 2281 (44);

195 2310 258 2355 ibi
288 2324 340 2355 ea
370 2310 540 2355 ratione
571 2314 723 2355 auctor
753 2324 823 2355 res
867 2310 1035 2355 duabus
1070 2309 1312 2355 aestatibus
1347 2313 1495 2365 gestas
1524 2322 1621 2353 sese

197 2395 468 2438 coniunxisse
499 2393 742 2449 profitetur,
776 2408 859 2449 quo
890 2395 1187 2449 requiesceret
1218 2394 1386 2437 animus
1418 2406 1444 2435 a
1475 2393 1621 2436 dome-

202 2478 325 2522 sticis
355 2477 495 2522 malis.

288 2560 434 2603 Prima
478 2560 613 2615 igitur
653 2563 699 2603 et
739 2560 873 2604 tertia
909 2560 1025 2603 vitae
1053 2562 1179 2613 parte
1209 2557 1471 2601 illustranda
1501 2557 1626 2600 mini-

198 2654 315 2687 mum
346 2641 498 2687 Tacito
529 2640 835 2687 oblectationis
867 2642 1048 2687 allatum
1079 2654 1176 2686 esse
1205 2642 1343 2696 patet.

287 2727 346 2771 At
388 2739 490 2771 vero
532 2727 709 2772 laudum
739 2727 1088 2772 Britannicarum
1129 2724 1469 2770 illustrationem
1511 2737 1626 2769 sum-

197 2821 294 2854 mae
341 2810 382 2853 ei
422 2809 636 2864 voluptati
679 2809 814 2854 fuisse
852 2814 1049 2866 apparet.
1129 2808 1408 2862 Quantopere
1453 2807 1628 2862 gavisus
