1807 3200
920 283 972 323 12

223 397 283 441 sit
312 397 570 442 enarrandis
599 397 731 443 rebus
761 397 878 442 bello
907 398 1059 454 gestis,
1090 410 1144 442 ex
1173 398 1238 442 eis
1268 397 1503 454 colligitur,
1544 410 1656 455 quae

225 493 322 525 ann.
346 484 386 524 4.
412 484 467 526 33
487 481 709 538 leguntur:
743 483 869 527 ‘situs
889 482 1094 538 gentium,
1121 482 1358 527 varietates
1378 482 1655 537 proeliorum,

225 562 332 607 clari
378 563 536 608 ducum
579 564 721 608 exitus
765 564 957 609 retinent
997 577 1048 609 ac
1087 564 1390 620 redintegrant
1418 564 1655 621 legentium

228 646 445 690 animum.'

310 727 562 774 Accedebat
603 730 718 785 quod
757 730 1012 775 enarrandis
1047 730 1146 774 istis
1184 728 1317 774 rebus
1347 730 1489 775 soceri
1520 729 1653 774 dilec-

224 810 384 854 tissimi
416 814 462 854 et
491 812 707 856 carissimi
736 812 920 867 gloriam
950 810 1202 856 exornabat.

316 892 517 938 Vidimus
533 894 675 939 Taciti
705 907 859 950 magno
890 907 1022 950 opere
1052 894 1319 948 interfuisse,
1350 897 1401 939 ut
1430 893 1570 939 libelli
1600 894 1655 939 de

225 975 456 1030 Agricolae
500 976 592 1021 vita
629 980 675 1020 et
715 977 908 1022 moribus
950 977 1178 1033 compositi
1217 978 1405 1033 gratiam
1446 977 1562 1033 apud
1591 977 1654 1022 le-

223 1062 378 1113 gentes
409 1060 681 1113 conciliaret,
726 1059 884 1104 deinde
916 1060 1148 1104 maximum
1177 1060 1415 1115 periculum
1445 1072 1655 1105 censurae

224 1142 454 1186 malivolae
483 1142 765 1196 imminuisse,
798 1155 893 1186 cum
924 1143 1170 1198 aequalium
1200 1143 1368 1188 incuria
1398 1141 1657 1187 abhorreret

225 1238 252 1269 a
280 1225 383 1269 vitis
412 1225 623 1280 legendis,
656 1229 702 1269 et
732 1225 844 1270 duae
875 1224 977 1270 libri
1007 1229 1157 1281 partes
1189 1225 1460 1271 delectarent
1478 1237 1655 1281 paucos,

226 1308 455 1352 nonnullos
486 1307 775 1362 offenderent,
819 1308 894 1352 uni
933 1308 1103 1353 mediae
1143 1309 1260 1353 vitae
1290 1309 1408 1364 parti
1436 1308 1656 1364 permulta

226 1388 421 1444 infuisse,
454 1402 566 1446 quae
597 1390 785 1435 omnium
817 1390 983 1435 animos
1016 1390 1243 1435 dulcedine
1274 1403 1354 1435 sua
1381 1393 1583 1435 tenerent
1613 1392 1659 1435 et

224 1471 453 1516 traherent
467 1506 477 1526 ,
520 1472 705 1528 denique
735 1473 865 1517 huius
895 1473 1079 1518 maxime
1110 1474 1251 1529 partis
1283 1473 1559 1518 enarratione
1589 1473 1655 1529 ip-

226 1568 322 1600 sum
362 1559 585 1600 auctorem
624 1556 891 1601 delectatum
931 1569 1040 1601 esse.
1114 1556 1236 1601 Haec
1274 1557 1419 1601 omnia
1458 1555 1655 1601 conside-

222 1641 374 1682 rantes
404 1651 491 1682 non
519 1638 786 1694 mirabimur,
819 1639 934 1695 quod
963 1639 1151 1684 mediam
1179 1640 1311 1684 istam
1340 1640 1456 1685 vitae
1485 1642 1657 1696 partem

226 1722 353 1777 longe
385 1722 573 1766 omnium
605 1723 931 1767 accuratissime
963 1723 1140 1767 Tacitus
1170 1723 1420 1768 illustravit.

315 1805 401 1850 Sed
443 1806 552 1851 haec
588 1810 685 1851 tota
729 1820 859 1863 quam
895 1807 1161 1852 instituimus
1198 1807 1518 1863 argumentatio
1546 1806 1655 1851 nihil

227 1888 418 1943 explicat
446 1889 552 1943 nisi,
601 1902 686 1945 qua
722 1890 891 1934 ratione
930 1890 1085 1935 ductus
1117 1890 1295 1935 Tacitus
1324 1890 1369 1933 in
1399 1889 1656 1935 enarrandis

224 1971 357 2017 rebus
387 1971 443 2017 ab
475 1973 678 2029 Agricola
708 1974 853 2029 legato
884 1987 963 2029 pro
994 1977 1197 2029 praetore
1226 1973 1272 2017 in
1300 1973 1530 2030 Britannia
1558 1985 1656 2029 ges-

225 2052 284 2098 tis
315 2057 408 2098 tam
437 2055 592 2110 longus
622 2054 768 2099 fuerit.
1150 2047 1153 2049 ’

312 2138 406 2182 Iam
451 2138 508 2182 ad
567 2138 751 2182 alteram
800 2138 1109 2194 disputationis
1155 2142 1328 2194 partem
1384 2137 1655 2192 accedamuS,

225 2234 311 2277 qua
341 2221 728 2266 demonstrandum
758 2226 845 2275 est,
890 2223 964 2277 qui
1004 2223 1063 2266 sit
1093 2221 1277 2275 factum,
1322 2225 1374 2266 ut
1403 2222 1582 2267 Tacitus
1611 2222 1657 2265 in

222 2303 486 2348 illustranda
515 2304 592 2347 illa
622 2304 841 2360 legatione
870 2304 1016 2359 potius
1046 2316 1191 2348 rerum
1223 2316 1351 2359 quam
1374 2303 1490 2348 vitae
1519 2303 1656 2359 scrip-

224 2387 334 2432 toris
364 2390 516 2442 partes
548 2386 691 2442 egisse
722 2386 934 2431 videatur.

315 2469 439 2522 Quod
469 2469 698 2513 Andresen
734 2468 908 2524 quidem
939 2481 992 2512 ea
1022 2468 1194 2513 ratione
1225 2467 1444 2523 explicare
1475 2468 1656 2512 conatus
1694 2531 1696 2533 q

223 2557 305 2606 est,
337 2557 389 2596 ut
417 2553 572 2606 istam,
617 2564 728 2607 quae
758 2555 827 2595 est
857 2551 912 2595 de
943 2551 1160 2596 domanda
1187 2550 1439 2603 Britannia,
1484 2553 1656 2606 partem

223 2637 310 2680 iam
333 2635 412 2680 sub
435 2635 685 2680 Domitiano
720 2647 771 2678 eo
804 2634 984 2679 consilio
1016 2648 1040 2679 a
1065 2635 1216 2680 Tacito
1248 2633 1531 2689 compositam
1560 2644 1658 2678 esse

224 2723 454 2773 statueret,
487 2732 572 2775 qua
603 2722 758 2775 postea
787 2718 832 2762 in
863 2717 1188 2763 conscribendis
1217 2716 1414 2762 historiis
1444 2719 1656 2761 uteretur.

224 2802 278 2844 Ei
308 2802 590 2846 historiarum
620 2800 862 2856 particulae
895 2805 996 2855 post
1024 2801 1255 2857 Agricolae
1295 2802 1480 2843 mortem
1512 2798 1658 2854 capita
