1807 3200
882 292 936 333 22

197 407 441 455 rationibus
488 407 580 453 suis
623 411 909 464 aspergerent
949 411 1026 453 aut
1065 420 1212 452 rerum
1252 420 1281 452 a
1320 420 1368 463 se
1406 409 1630 464 gestarum

198 491 371 536 laudem
424 489 470 533 in
513 490 655 536 maius
698 494 908 546 augerent
922 526 933 545 ,
988 494 1136 535 terrae
1182 490 1377 546 coelique
1421 489 1631 535 miracula

199 577 330 629 atque
370 573 612 618 incolarum
652 573 859 617 ferociam
900 572 1046 617 verbis
1087 570 1409 628 exaggerabant
1447 584 1500 617 ac
1528 570 1631 617 ficta

197 657 345 711 potius
374 669 504 711 quam
533 656 629 701 visa
657 655 909 701 narrabant.

287 738 354 783 Ne
383 739 540 784 multa:
573 739 772 796 exiguam
800 738 929 785 fidem
960 739 1236 785 tribuendam
1266 752 1363 785 esse
1394 739 1477 794 eis,
1520 752 1631 796 quae

201 821 447 876 exstabant,
480 821 847 877 descriptionibus
863 822 1033 867 insulae
1064 820 1296 867 constabat
1323 822 1439 866 inter
1468 829 1630 875 omnes,

200 904 304 961 quid
335 907 456 950 esset
484 917 564 960 pro
592 917 696 949 vero
728 906 1046 962 accipiendum,
1078 906 1182 962 quid
1212 904 1477 951 reiciendum
1490 939 1501 959 ,
1531 918 1630 961 per—

201 988 329 1043 pauci
361 987 682 1032 discernebant.

289 1071 355 1116 Eo
393 1071 632 1127 pleniorem
673 1070 809 1116 fuisse
841 1071 1146 1117 delectationis
1176 1084 1296 1126 eum,
1338 1071 1392 1117 de
1424 1084 1507 1127 quo
1539 1071 1631 1128 agi·

200 1169 310 1210 mus,
343 1167 567 1200 excessum
599 1155 741 1199 Taciti
771 1158 892 1199 recte
925 1155 1167 1210 collegeris.
1227 1155 1340 1199 Nam
1371 1154 1549 1200 Tacitus
1580 1167 1633 1200 ea

203 1239 368 1293 omnia,
410 1251 521 1294 quae
562 1237 616 1282 de
646 1237 877 1282 Britannia
917 1238 1061 1282 insula
1099 1241 1145 1282 et
1176 1238 1269 1282 eius
1299 1238 1453 1282 incolis
1484 1237 1632 1285 trade-

201 1321 301 1376 bat,
334 1320 389 1366 ab
422 1321 626 1377 Agricola
657 1333 808 1365 socero
841 1326 1094 1378 acceperat,
1126 1322 1201 1378 qui
1230 1334 1327 1367 cum
1356 1334 1436 1378 per
1465 1324 1635 1377 septem

204 1418 340 1450 annos
370 1405 558 1449 insulam
589 1403 853 1449 obtinuisset
883 1419 934 1449 ac
965 1406 1158 1462 singulas
1181 1405 1385 1460 deinceps
1407 1405 1501 1449 eius
1530 1417 1632 1460 par-

202 1493 272 1534 tes
303 1488 565 1545 subegisset,
596 1486 691 1531 fieri
721 1500 807 1531 non
838 1487 995 1543 potuit,
1027 1488 1131 1544 quin
1155 1487 1496 1543 magnitudinem
1525 1487 1633 1542 eius,

203 1572 385 1616 formam
399 1606 409 1625 ,
456 1571 606 1624 situm,
652 1570 817 1615 caelum
831 1604 841 1624 ,
884 1574 1140 1625 proventum
1177 1571 1368 1625 itemque
1396 1570 1635 1615 incolarum

205 1654 415 1711 originem
446 1656 577 1709 atque
608 1652 827 1709 ingenium
858 1665 945 1696 non
974 1643 1114 1697 solum
1142 1652 1281 1697 multo
1319 1651 1476 1697 melius
1506 1664 1635 1708 quam

205 1740 375 1796 priores
407 1738 666 1793 scriptores,
713 1737 791 1782 sed
823 1738 955 1782 etiam
987 1737 1150 1793 optime
1179 1737 1388 1790 omnium,
1428 1737 1503 1792 qui
1531 1740 1636 1782 tunc

207 1826 345 1877 erant,
376 1821 598 1866 hominum
628 1821 834 1866 novisset.
898 1822 959 1866 Ac
990 1821 1028 1866 si
1058 1820 1229 1877 quando
1261 1820 1316 1866 ab
1347 1821 1550 1877 Agricola
1579 1821 1635 1866 de

207 1906 354 1961 aliqua
396 1917 445 1948 re
487 1903 731 1959 cognitione
774 1903 905 1959 digna
944 1903 1117 1948 edoceri
1145 1916 1232 1947 non
1261 1906 1460 1959 poterat,
1506 1902 1636 1948 facile

205 1994 353 2034 tamen
385 1986 441 2032 ab
471 2001 522 2031 eo
554 1986 871 2042 comperiebat,
911 1986 1066 2042 quibus
1097 1986 1348 2031 auctoribus
1378 1988 1635 2032 certissimis

207 2075 252 2115 et
281 2068 635 2125 locupletissimis
665 2071 877 2114 uteretur.
940 2069 1094 2125 Itaque
1125 2082 1403 2126 quaecunque
1434 2082 1461 2114 a
1482 2069 1634 2115 Tacito

204 2156 250 2199 in
292 2155 378 2198 isto
423 2165 603 2197 excessu
632 2152 958 2206 referebantur,
1005 2166 1102 2198 cum
1142 2153 1340 2198 omnibus
1379 2153 1638 2209 gravissima

207 2241 253 2282 et
283 2235 529 2281 certissima
570 2235 845 2289 viderentur,
886 2234 981 2280 fieri
1012 2248 1098 2280 non
1128 2236 1295 2291 potuit,
1342 2236 1444 2292 quin
1485 2236 1635 2291 pronis

207 2320 386 2365 auribus
417 2319 730 2373 acciperentur.

294 2402 498 2447 Ceterum
539 2400 825 2446 omittendum
869 2414 955 2445 non
998 2405 1068 2446 est
1112 2414 1393 2458 quaecunque
1432 2401 1523 2446 isto
1562 2414 1634 2446 ex-

206 2499 336 2530 cursu
376 2484 681 2529 contineantur
719 2488 851 2539 atque
894 2484 1004 2529 adeo
1045 2498 1119 2538 ea,
1170 2497 1280 2540 quae
1309 2484 1449 2540 primo
1481 2483 1637 2529 obtutu

205 2582 232 2612 a
260 2568 352 2613 vita
383 2567 611 2623 Agricolae
641 2567 932 2612 remotissima
963 2568 1206 2621 videantur,
1239 2571 1407 2621 tamen,
1440 2568 1477 2612 si
1508 2581 1634 2614 accu-

205 2653 345 2697 ratius
385 2664 478 2696 rem
517 2649 823 2706 perpenderis,
868 2651 925 2695 ad
955 2651 1001 2696 id
1032 2651 1147 2707 quod
1179 2649 1262 2695 sibi
1292 2652 1521 2707 proposuit
1552 2652 1635 2697 Ta-

207 2735 320 2778 citus
334 2768 344 2787 ,
375 2737 426 2778 ut
456 2732 597 2778 soceri
628 2746 785 2777 nomen
817 2733 1075 2788 celebraret,
1106 2734 1342 2790 pertinere.

295 2816 405 2860 Nam
449 2828 730 2872 quaecunque
775 2815 829 2859 de
871 2817 1014 2860 insula
1045 2819 1090 2859 et
1120 2817 1213 2861 eius
1243 2816 1398 2861 incolis
1429 2813 1641 2862 edocebat
